3082 4988
802 371 848 442 38

230 557 365 630 literam
399 557 600 655 accipienda
639 564 674 628 et
710 556 754 629 ab
788 557 884 629 omni
915 554 1114 652 metaphora
1147 554 1256 627 aliena
1289 579 1360 627 esse
1376 559 1414 644 ¹).

231 687 336 762 Quod
368 687 414 760 ad
445 712 560 759 veram
594 685 762 782 originem
795 685 936 774 attinet,
970 683 1109 757 abunde
1141 684 1238 756 adest
1261 683 1417 756 testimo

230 815 368 887 niorum
394 813 523 911 quibus
545 814 712 912 probatur
736 812 925 912 Apuleium
952 813 1078 885 Afrum
1103 811 1215 912 fuisse.
1243 811 1416 884 Omnium

230 943 385 1039 primum
417 943 620 1040 proferimus
653 941 843 1039 Apologiae
867 967 940 1040 oap.
967 938 1092 1012 XXlV
1117 939 1184 1030 (ed.
1211 939 1415 1036 Kruegeri):

137 1124 140 1128 -
231 1073 310 1160 „De
330 1074 450 1165 putria
474 1096 546 1143 meu
572 1095 674 1159 uero,
700 1072 790 1169 quod
812 1097 884 1142 eam
908 1072 1007 1144 situm
1029 1070 1210 1140 Numidiae
1231 1076 1264 1140 et
1288 1070 1416 1139 Gaetu·

231 1202 300 1273 tiae
324 1202 358 1270 in
383 1202 455 1294 ipro
482 1201 619 1296 eothnio
640 1196 720 1272 meis
744 1201 880 1294 seriptis
904 1201 1032 1271 ostendi
1057 1199 1140 1287 reis,
1160 1196 1278 1295 quibus
1297 1204 1418 1269 memet

226 1330 401 1421 professus
437 1351 506 1398 rum
518 1382 527 1416 ‚
554 1353 624 1399 uum
652 1328 805 1399 Lolliano
832 1329 930 1399 Auito
962 1328 1003 1399 V.
1021 1327 1056 1399 0.
1081 1333 1262 1420 praesente
1282 1325 1418 1418 publice

231 1458 445 1546 dissererem,
473 1457 730 1528 Seminumidam
756 1465 791 1528 et
816 1456 1094 1552 Semipnetulam:
1121 1479 1184 1525 non
1209 1455 1320 1543 uideo,
1333 1455 1422 1551 quid

232 1586 313 1655 milri
331 1585 378 1656 sit
402 1586 437 1654 in
462 1609 502 1655 eu
528 1610 566 1656 re
586 1587 795 1679 pudendum,
822 1586 915 1656 lraud
937 1586 1044 1656 minus
1065 1608 1162 1681 quum
1187 1584 1273 1680 (ipro
1294 1584 1418 1654 maiori

231 1715 321 1811 quod
336 1712 586 1809 peuere'minto
598 1714 677 1806 fuit
699 1714 900 1785 Semimedus
921 1738 961 1785 ae
976 1710 1200 1806 Semiperau.''
1215 1711 1419 1809 Respondet

230 1840 284 1913 his
316 1839 427 1911 verbis
460 1840 644 1937 opprobrio
677 1841 743 1913 sibi
767 1841 901 1913 obiecto
925 1847 1064 1939 propter
1088 1839 1273 1934 originem3
1299 1863 1418 1912 nonne

231 1992 301 2040 uno
326 1966 428 2038 verbo
453 1969 699 2040 contumeliam
721 1968 889 2068 depellere
914 1969 1080 2067 potuisset
1099 1967 1244 2040 dicendo
1264 1968 1417 2040 seGrae-

231 2120 311 2167 oum
337 2097 432 2168 esse?
458 2095 494 2167 Si
519 2105 633 2169 revera
660 2097 829 2195 Apuleius
855 2097 892 2169 in
917 2096 1059 2169 Graecia
1084 2095 1228 2193 „primis
1249 2095 1418 2193 pueritiae

232 2222 412 2320 stipendiis
437 2200 594 2318 linguam
617 2224 775 2298 Attidem
798 2225 1020 2314 memisset‚''
1034 2225 1208 2321 numquid
1223 2223 1418 2297 dubitasset

230 2349 380 2424 adicere:
408 2359 469 2439 „ut
493 2353 554 2424 sim
581 2355 709 2448 oripine
733 2355 840 2445 Afer,
865 2361 974 2426 tamen
999 2380 1021 2425 u
1043 2354 1156 2447 prima
1176 2354 1243 2424 iam
1261 2353 1417 2447 pueritia

230 2480 266 2548 in
291 2480 435 2550 Graecia
457 2487 604 2552 moratus
626 2481 711 2553 tane
725 2488 935 2580 (quamquam
950 2484 1129 2571 translate)
1143 2506 1253 2552 uerum
1263 2482 1418 2575 putrium

231 2604 394 2679 tabee.’'P
416 2605 515 2678 Nihil
541 2605 584 2678 de
610 2607 663 2680 his
688 2608 793 2698 dixit;
820 2609 923 2707 paulo
948 2609 1090 2682 inferius
1114 2617 1232 2681 contra
1254 2634 1336 2697 „nee
1356 2610 1419 2682 doe

231 2759 267 2806 eo
290 2736 363 2806 diui
387 2760 450 2833 quo
476 2761 526 2807 me
546 2739 687 2830 patriae
707 2763 799 2810 meae
816 2741 1025 2834 poeniteret,
1049 2739 1113 2810 etsi
1135 2737 1419 2834 udduodpplmm'r

231 2863 384 2957 oppidum
417 2863 592 2938 esremua.'’
628 2865 771 2938 Nemini
802 2866 855 2939 his
880 2868 1026 2964 cognitis
1051 2867 1188 2940 difficile
1214 2867 1279 2938 erit
1303 2866 1418 2939 decer-

230 3015 310 3061 nere
334 2989 377 3062 de
402 2991 512 3088 patria
536 2991 675 3090 Apulei.
702 2992 739 3065 Si
764 2994 841 3090 quis
866 2994 953 3066 forte
978 2995 1177 3067 etiamnuno
1203 2992 1361 3081 dubitat,
1387 2993 1418 3066 is

230 3118 389 3215 inspiciat
412 3119 539 3194 Florid.
568 3124 613 3192 86
640 3120 708 3211 (ed.
735 3120 985 3213 Hildebrand):
1021 3126 1099 3211 „An
1124 3148 1186 3193 non
1209 3123 1313 3195 multa
1334 3123 1419 3192 milri

231 3248 324 3341 apud
356 3273 412 3320 uos
448 3249 684 3321 adhortamina
717 3258 915 3344 suppetant,
950 3235 1009 3348 qui
1040 3275 1109 3323 rum
1145 3249 1235 3322 uobis
1260 3274 1318 3321 nee
1343 3251 1418 3321 ture

230 3376 360 3449 alienus
387 3402 447 3448 nee
466 3379 618 3472 pueritia
642 3380 837 3451 inuisitatus
861 3404 920 3451 neo
944 3381 1115 3475 mapirtris
1135 3379 1333 3474 pereprinus
1356 3403 1418 3450 nea

230 3512 321 3577 reeta
346 3507 532 3600 inoupnitua
556 3531 614 3580 neu
639 3532 715 3579 vore
739 3509 911 3580 inauditus
936 3533 995 3579 nee
1019 3507 1114 3580 t'bris
1134 3509 1274 3579 intentus
1294 3508 1417 3600 impro-

232 3633 395 3706 batusue?
419 3636 482 3706 Ita
507 3637 588 3708 midi
614 3646 648 3708 et
668 3639 791 3731 putria
815 3638 1005 3709 immunitio
1029 3639 1166 3729 Africae
1187 3638 1226 3708 id
1245 3644 1295 3708 ert
1309 3643 1417 3709 uestro

269 3888 297 3962 1)
316 3889 407 3944 Unam
425 3891 538 3944 tantum
557 3906 642 3958 quam
659 3888 754 3959 potnit
769 3888 891 3959 proferre
902 3887 1081 3944 audaciorem
1091 3887 1417 3955 coniecturam‚nonnisi

230 3980 403 4035 haesitanter
420 3977 524 4034 adierit
542 3978 640 4034 Rohde
660 3981 690 4034 et
705 3996 770 4035 mox
786 3979 846 4048 ipse
867 3977 984 4032 damnat
1003 3975 1085 4051 (Mus.
1104 3978 1158 4031 Rh.
1178 3979 1212 4032 lo
1233 3997 1260 4048 p.
1273 3977 1320 4052 82)
1331 3979 1416 4033 »Man

230 4071 335 4124 ktnnte
355 4088 402 4123 um
421 4069 466 4123 ein
487 4069 683 4124 oinheitliohes
702 4068 818 4138 Subjeot
837 4087 871 4121 zu
889 4068 1037 4138 gewinnen
1048 4067 1166 4123 welches
1176 4067 1263 4122 durch
1274 4068 1317 4122 die
1328 4073 1417 4138 ganz'e

230 4159 352 4214 Vorrede
381 4160 496 4229 sprdohe
524 4159 576 4237 auf
602 4159 664 4213 dem
696 4158 829 4214 (ledanlre
859 4157 1010 4223 versallen‚
1039 4158 1173 4228 Apuleius
1198 4159 1271 4212 lasse
1291 4159 1321 4212 in
1341 4158 1418 4214 einer

231 4249 488 4320 eigenthtrmliohen
508 4248 704 4319 Prosopopoiie
724 4251 779 4303 sein
796 4250 870 4302 Bncn
891 4249 997 4302 Stimme
1004 4251 1146 4318 peminnen.
1194 4289 1200 4303 .
1213 4249 1287 4306 Aber
1295 4265 1417 4318 gennua-

231 4356 275 4394 rer
293 4339 487 4410 Betraohtung
506 4340 555 4394 der
574 4339 672 4395 Worte
692 4339 740 4393 der
762 4338 895 4409 Apuleius
915 4339 1008 4394 wfirde
1028 4339 1073 4393 ein
1090 4338 1199 4394 solabor
1215 4337 1418 4393 Einfalloffen·

232 4431 283 4486 bar
302 4430 382 4484 nicht
402 4429 490 4484 Stand
509 4429 607 4484 hulten
627 4429 753 4495 konnen,
774 4429 825 4482 wie
845 4427 928 4482 Jeder
946 4428 1033 4483 leicht
1052 4429 1200 4483 bemerken
1220 4428 1316 4483 wird.”
