<?xml version="1.0" encoding="UTF-8"?>
<!DOCTYPE html PUBLIC "-//W3C//DTD XHTML 1.0 Transitional//EN"
    "http://www.w3.org/TR/xhtml1/DTD/xhtml1-transitional.dtd">
<html xmlns="http://www.w3.org/1999/xhtml" xml:lang="en" lang="en">
 <head>
  <title>
</title>
<meta http-equiv="Content-Type" content="text/html;charset=utf-8" />
  <meta name='ocr-system' content='tesseract 3.04.00' />
  <meta name='ocr-capabilities' content='ocr_page ocr_carea ocr_par ocr_line ocrx_word'/>
</head>
<body>
  <div class='ocr_page' id='page_1' title='image "./derationequaees00deegoog_0019.png"; bbox 0 0 3082 4988; ppageno 0'>
   <div class='ocr_carea' id='block_1_1' title="bbox 769 351 815 418">
    <p class='ocr_par' dir='ltr' id='par_1_1' title="bbox 769 351 815 418">
     <span class='ocr_line' id='line_1_1' title="bbox 769 351 815 418; baseline 0 0"><span class='ocrx_word' id='word_1_1' title='bbox 769 351 815 418; x_wconf 84' lang='grc'>14</span> 
     </span>
    </p>
   </div>
   <div class='ocr_carea' id='block_1_2' title="bbox 197 535 1461 3590">
    <p class='ocr_par' dir='ltr' id='par_1_2' title="bbox 197 535 1461 3075">
     <span class='ocr_line' id='line_1_2' title="bbox 248 535 1382 630; baseline 0.003 -20"><span class='ocrx_word' id='word_1_2' title='bbox 248 538 429 611; x_wconf 80' lang='lat' dir='ltr'>Wrumun</span> <span class='ocrx_word' id='word_1_3' title='bbox 465 561 546 610; x_wconf 91' lang='lat' dir='ltr'>cum</span> <span class='ocrx_word' id='word_1_4' title='bbox 583 535 744 609; x_wconf 82' lang='lat' dir='ltr'>scriberet</span> <span class='ocrx_word' id='word_1_5' title='bbox 757 537 781 630; x_wconf 81' lang='lat'>¹)</span> <span class='ocrx_word' id='word_1_6' title='bbox 824 596 833 625; x_wconf 91' lang='lat'><em>‚</em></span> <span class='ocrx_word' id='word_1_7' title='bbox 837 592 966 623; x_wconf 91' lang='grc'><strong>......</strong></span> <span class='ocrx_word' id='word_1_8' title='bbox 982 561 1017 610; x_wconf 83' lang='lat' dir='ltr'>es</span> <span class='ocrx_word' id='word_1_9' title='bbox 1049 539 1096 610; x_wconf 83' lang='grc'>111</span> <span class='ocrx_word' id='word_1_10' title='bbox 1129 539 1226 630; x_wconf 85' lang='lat' dir='ltr'>Zeit,</span> <span class='ocrx_word' id='word_1_11' title='bbox 1261 541 1382 613; x_wconf 78' lang='lat' dir='ltr'>diesem</span> 
     </span>
     <span class='ocr_line' id='line_1_3' title="bbox 199 667 1382 762; baseline 0 -22"><span class='ocrx_word' id='word_1_12' title='bbox 199 669 330 740; x_wconf 81' lang='lat' dir='ltr'>lcleiaea</span> <span class='ocrx_word' id='word_1_13' title='bbox 367 667 478 739; x_wconf 72' lang='lat' dir='ltr'>Saea</span> <span class='ocrx_word' id='word_1_14' title='bbox 513 667 594 762; x_wconf 77' lang='grc' dir='ltr'>περὶ</span> <span class='ocrx_word' id='word_1_15' title='bbox 633 667 723 741; x_wconf 79' lang='grc' dir='ltr'><strong><em>ὄνου</em></strong></span> <span class='ocrx_word' id='word_1_16' title='bbox 758 670 873 751; x_wconf 81' lang='grc' dir='ltr'><strong><em>σκιᾶς</em></strong></span> <span class='ocrx_word' id='word_1_17' title='bbox 908 667 962 737; x_wconf 85' lang='lat' dir='ltr'>eia</span> <span class='ocrx_word' id='word_1_18' title='bbox 996 667 1096 738; x_wconf 70' lang='lat' dir='ltr'>Eride</span> <span class='ocrx_word' id='word_1_19' title='bbox 1129 693 1170 738; x_wconf 77' lang='lat' dir='ltr'>zu</span> <span class='ocrx_word' id='word_1_20' title='bbox 1203 670 1339 740; x_wconf 77' lang='lat' dir='ltr'>macheu</span> <span class='ocrx_word' id='word_1_21' title='bbox 1350 668 1382 759; x_wconf 89' lang='lat'>‚&#39;’</span> 
     </span>
     <span class='ocr_line' id='line_1_4' title="bbox 197 793 1385 896; baseline 0.003 -28"><span class='ocrx_word' id='word_1_22' title='bbox 197 796 308 868; x_wconf 87' lang='lat' dir='ltr'>levem</span> <span class='ocrx_word' id='word_1_23' title='bbox 333 794 588 868; x_wconf 79' lang='lat' dir='ltr'>contentionem</span> <span class='ocrx_word' id='word_1_24' title='bbox 612 818 816 892; x_wconf 92' lang='lat' dir='ltr'>componere</span> <span class='ocrx_word' id='word_1_25' title='bbox 841 794 907 867; x_wconf 86' lang='lat' dir='ltr'>sibi</span> <span class='ocrx_word' id='word_1_26' title='bbox 931 793 1114 867; x_wconf 89' lang='lat' dir='ltr'>videbatur</span> <span class='ocrx_word' id='word_1_27' title='bbox 1138 821 1251 893; x_wconf 89' lang='lat' dir='ltr'>neque</span> <span class='ocrx_word' id='word_1_28' title='bbox 1277 799 1385 896; x_wconf 89' lang='lat' dir='ltr'>suspi-</span> 
     </span>
     <span class='ocr_line' id='line_1_5' title="bbox 199 921 1385 1020; baseline 0.002 -24"><span class='ocrx_word' id='word_1_29' title='bbox 199 923 341 996; x_wconf 87' lang='lat' dir='ltr'>cabatur</span> <span class='ocrx_word' id='word_1_30' title='bbox 372 947 407 996; x_wconf 92' lang='lat' dir='ltr'>se</span> <span class='ocrx_word' id='word_1_31' title='bbox 432 946 545 997; x_wconf 86' lang='lat' dir='ltr'>revera</span> <span class='ocrx_word' id='word_1_32' title='bbox 569 921 808 1018; x_wconf 83' lang='lat' dir='ltr'>gravissimum</span> <span class='ocrx_word' id='word_1_33' title='bbox 836 924 1097 1020; x_wconf 88' lang='lat' dir='ltr'>multorumque</span> <span class='ocrx_word' id='word_1_34' title='bbox 1122 950 1292 998; x_wconf 87' lang='lat' dir='ltr'>annorum</span> <span class='ocrx_word' id='word_1_35' title='bbox 1318 951 1385 998; x_wconf 91' lang='lat' dir='ltr'>cer-</span> 
     </span>
     <span class='ocr_line' id='line_1_6' title="bbox 199 1050 1385 1151; baseline 0.003 -27"><span class='ocrx_word' id='word_1_36' title='bbox 199 1060 316 1124; x_wconf 90' lang='lat' dir='ltr'>tamen</span> <span class='ocrx_word' id='word_1_37' title='bbox 339 1051 467 1124; x_wconf 89' lang='lat' dir='ltr'>civisse.</span> <span class='ocrx_word' id='word_1_38' title='bbox 493 1050 681 1124; x_wconf 85' lang='lat' dir='ltr'>Contendit</span> <span class='ocrx_word' id='word_1_39' title='bbox 706 1050 773 1122; x_wconf 90' lang='lat' dir='ltr'>sibi</span> <span class='ocrx_word' id='word_1_40' title='bbox 793 1076 995 1148; x_wconf 86' lang='lat' dir='ltr'>persuasum</span> <span class='ocrx_word' id='word_1_41' title='bbox 1016 1077 1086 1124; x_wconf 91' lang='lat' dir='ltr'>esse</span> <span class='ocrx_word' id='word_1_42' title='bbox 1107 1052 1257 1126; x_wconf 87' lang='lat' dir='ltr'>Lucium</span> <span class='ocrx_word' id='word_1_43' title='bbox 1279 1079 1385 1151; x_wconf 90' lang='lat' dir='ltr'>quen·</span> 
     </span>
     <span class='ocr_line' id='line_1_7' title="bbox 200 1178 1386 1277; baseline 0.003 -26"><span class='ocrx_word' id='word_1_44' title='bbox 200 1179 282 1251; x_wconf 88' lang='lat' dir='ltr'>dam</span> <span class='ocrx_word' id='word_1_45' title='bbox 303 1180 502 1277; x_wconf 84' lang='lat' dir='ltr'>scriptorem</span> <span class='ocrx_word' id='word_1_46' title='bbox 521 1202 717 1274; x_wconf 84' lang='lat' dir='ltr'>numquam</span> <span class='ocrx_word' id='word_1_47' title='bbox 738 1178 876 1267; x_wconf 89' lang='lat' dir='ltr'>vixisse;</span> <span class='ocrx_word' id='word_1_48' title='bbox 900 1179 994 1275; x_wconf 93' lang='lat' dir='ltr'>quod</span> <span class='ocrx_word' id='word_1_49' title='bbox 1014 1189 1132 1252; x_wconf 90' lang='lat' dir='ltr'>autem</span> <span class='ocrx_word' id='word_1_50' title='bbox 1145 1180 1246 1253; x_wconf 89' lang='lat' dir='ltr'>Lucii</span> <span class='ocrx_word' id='word_1_51' title='bbox 1258 1206 1386 1254; x_wconf 93' lang='lat' dir='ltr'>nomen</span> 
     </span>
     <span class='ocr_line' id='line_1_8' title="bbox 199 1306 1387 1396; baseline 0.001 -17"><span class='ocrx_word' id='word_1_52' title='bbox 199 1308 236 1380; x_wconf 92' lang='grc'>11</span> <span class='ocrx_word' id='word_1_53' title='bbox 262 1307 378 1380; x_wconf 89' lang='lat' dir='ltr'>Photii</span> <span class='ocrx_word' id='word_1_54' title='bbox 401 1307 526 1380; x_wconf 79' lang='lat' dir='ltr'>lexico</span> <span class='ocrx_word' id='word_1_55' title='bbox 552 1307 667 1378; x_wconf 88' lang='lat' dir='ltr'>locum</span> <span class='ocrx_word' id='word_1_56' title='bbox 689 1332 793 1380; x_wconf 91' lang='lat' dir='ltr'>suum</span> <span class='ocrx_word' id='word_1_57' title='bbox 814 1306 1026 1396; x_wconf 89' lang='lat' dir='ltr'>obtinuerit,</span> <span class='ocrx_word' id='word_1_58' title='bbox 1049 1333 1126 1380; x_wconf 89' lang='lat' dir='ltr'>eam</span> <span class='ocrx_word' id='word_1_59' title='bbox 1145 1309 1387 1383; x_wconf 87' lang='lat' dir='ltr'>difficultatem</span> 
     </span>
     <span class='ocr_line' id='line_1_9' title="bbox 199 1435 1387 1534; baseline -0.001 -23"><span class='ocrx_word' id='word_1_60' title='bbox 199 1438 326 1511; x_wconf 85' lang='lat' dir='ltr'>solvere</span> <span class='ocrx_word' id='word_1_61' title='bbox 350 1445 494 1510; x_wconf 88' lang='lat' dir='ltr'>conatus</span> <span class='ocrx_word' id='word_1_62' title='bbox 521 1443 573 1508; x_wconf 90' lang='lat' dir='ltr'>est</span> <span class='ocrx_word' id='word_1_63' title='bbox 599 1436 784 1509; x_wconf 88' lang='lat' dir='ltr'>statuendo</span> <span class='ocrx_word' id='word_1_64' title='bbox 810 1435 1012 1524; x_wconf 85' lang='lat' dir='ltr'>„hominem</span> <span class='ocrx_word' id='word_1_65' title='bbox 1038 1437 1214 1534; x_wconf 87' lang='lat' dir='ltr'>quendam</span> <span class='ocrx_word' id='word_1_66' title='bbox 1237 1438 1387 1512; x_wconf 87' lang='lat' dir='ltr'>otiosum</span> 
     </span>
     <span class='ocr_line' id='line_1_10' title="bbox 200 1562 1388 1665; baseline 0.002 -27"><span class='ocrx_word' id='word_1_67' title='bbox 200 1591 344 1665; x_wconf 86' lang='lat' dir='ltr'>persona</span> <span class='ocrx_word' id='word_1_68' title='bbox 368 1591 388 1638; x_wconf 89' lang='grc'>1</span> <span class='ocrx_word' id='word_1_69' title='bbox 412 1564 567 1636; x_wconf 86' lang='lat' dir='ltr'>Lucieno</span> <span class='ocrx_word' id='word_1_70' title='bbox 592 1563 703 1636; x_wconf 88' lang='lat' dir='ltr'>efficta</span> <span class='ocrx_word' id='word_1_71' title='bbox 725 1562 877 1660; x_wconf 89' lang='lat' dir='ltr'>potitum</span> <span class='ocrx_word' id='word_1_72' title='bbox 900 1589 989 1653; x_wconf 89' lang='lat' dir='ltr'>esse,</span> <span class='ocrx_word' id='word_1_73' title='bbox 1011 1565 1074 1661; x_wconf 92' lang='lat' dir='ltr'>qui</span> <span class='ocrx_word' id='word_1_74' title='bbox 1093 1566 1388 1663; x_wconf 85' lang='lat' dir='ltr'>speraretfabulas</span> 
     </span>
     <span class='ocr_line' id='line_1_11' title="bbox 200 1682 1389 1789; baseline 0.002 -23"><span class='ocrx_word' id='word_1_75' title='bbox 200 1720 278 1766; x_wconf 88' lang='lat' dir='ltr'>suas</span> <span class='ocrx_word' id='word_1_76' title='bbox 298 1694 440 1766; x_wconf 89' lang='lat' dir='ltr'>eroticas</span> <span class='ocrx_word' id='word_1_77' title='bbox 460 1691 666 1789; x_wconf 85' lang='lat' dir='ltr'>acceptiores</span> <span class='ocrx_word' id='word_1_78' title='bbox 687 1691 757 1763; x_wconf 85' lang='lat' dir='ltr'>fore</span> <span class='ocrx_word' id='word_1_79' title='bbox 780 1692 809 1764; x_wconf 89' lang='lat' dir='ltr'>si</span> <span class='ocrx_word' id='word_1_80' title='bbox 830 1716 948 1765; x_wconf 87' lang='lat' dir='ltr'>earum</span> <span class='ocrx_word' id='word_1_81' title='bbox 970 1692 1112 1766; x_wconf 91' lang='lat' dir='ltr'>titulum</span> <span class='ocrx_word' id='word_1_82' title='bbox 1136 1693 1236 1767; x_wconf 90' lang='lat' dir='ltr'>Lucii</span> <span class='ocrx_word' id='word_1_83' title='bbox 1247 1682 1389 1768; x_wconf 91' lang='lat' dir='ltr'>nomine</span> 
     </span>
     <span class='ocr_line' id='line_1_12' title="bbox 200 1820 1390 1920; baseline 0.001 -25"><span class='ocrx_word' id='word_1_84' title='bbox 200 1823 271 1895; x_wconf 90' lang='lat' dir='ltr'>iam</span> <span class='ocrx_word' id='word_1_85' title='bbox 305 1847 366 1920; x_wconf 92' lang='lat' dir='ltr'>per</span> <span class='ocrx_word' id='word_1_86' title='bbox 391 1820 587 1894; x_wconf 85' lang='lat' dir='ltr'>Lucienum</span> <span class='ocrx_word' id='word_1_87' title='bbox 613 1820 694 1892; x_wconf 86' lang='lat' dir='ltr'>satis</span> <span class='ocrx_word' id='word_1_88' title='bbox 719 1828 801 1892; x_wconf 89' lang='lat' dir='ltr'>noto</span> <span class='ocrx_word' id='word_1_89' title='bbox 827 1820 997 1895; x_wconf 87' lang='lat' dir='ltr'>omaret.&#39;&#39;</span> <span class='ocrx_word' id='word_1_90' title='bbox 1026 1821 1256 1895; x_wconf 83' lang='lat' dir='ltr'>*Lucianeam</span> <span class='ocrx_word' id='word_1_91' title='bbox 1282 1823 1390 1919; x_wconf 84' lang='lat' dir='ltr'>igitur</span> 
     </span>
     <span class='ocr_line' id='line_1_13' title="bbox 199 1947 1388 2046; baseline -0.002 -21"><span class='ocrx_word' id='word_1_92' title='bbox 199 1952 355 2026; x_wconf 81' lang='lat' dir='ltr'>fabulam</span> <span class='ocrx_word' id='word_1_93' title='bbox 377 1958 471 2042; x_wconf 88' lang='lat' dir='ltr'>(nam</span> <span class='ocrx_word' id='word_1_94' title='bbox 492 1949 578 2046; x_wconf 91' lang='lat' dir='ltr'>quin</span> <span class='ocrx_word' id='word_1_95' title='bbox 599 1948 792 2044; x_wconf 83' lang='lat' dir='ltr'>genuinum</span> <span class='ocrx_word' id='word_1_96' title='bbox 814 1947 877 2021; x_wconf 92' lang='lat' dir='ltr'>hoc</span> <span class='ocrx_word' id='word_1_97' title='bbox 899 1972 985 2046; x_wconf 85' lang='lat' dir='ltr'>opus</span> <span class='ocrx_word' id='word_1_98' title='bbox 1004 1957 1089 2022; x_wconf 87' lang='lat' dir='ltr'>esset</span> <span class='ocrx_word' id='word_1_99' title='bbox 1107 1975 1178 2024; x_wconf 91' lang='lat' dir='ltr'>non</span> <span class='ocrx_word' id='word_1_100' title='bbox 1191 1949 1388 2042; x_wconf 82' lang='lat' dir='ltr'>dubitabat)</span> 
     </span>
     <span class='ocr_line' id='line_1_14' title="bbox 203 2075 1390 2178; baseline -0.001 -25"><span class='ocrx_word' id='word_1_101' title='bbox 203 2079 429 2178; x_wconf 87' lang='lat' dir='ltr'>archetypum</span> <span class='ocrx_word' id='word_1_102' title='bbox 463 2102 534 2150; x_wconf 91' lang='lat' dir='ltr'>esse</span> <span class='ocrx_word' id='word_1_103' title='bbox 560 2075 738 2148; x_wconf 89' lang='lat' dir='ltr'>contendit</span> <span class='ocrx_word' id='word_1_104' title='bbox 763 2076 828 2148; x_wconf 89' lang='lat' dir='ltr'>hoc</span> <span class='ocrx_word' id='word_1_105' title='bbox 853 2086 1058 2172; x_wconf 86' lang='lat' dir='ltr'>argumento</span> <span class='ocrx_word' id='word_1_106' title='bbox 1083 2078 1206 2167; x_wconf 90' lang='lat' dir='ltr'>nixus,</span> <span class='ocrx_word' id='word_1_107' title='bbox 1232 2079 1390 2178; x_wconf 88' lang='lat' dir='ltr'>probabi·</span> 
     </span>
     <span class='ocr_line' id='line_1_15' title="bbox 203 2205 1461 2306; baseline -0.002 -24"><span class='ocrx_word' id='word_1_108' title='bbox 203 2210 270 2282; x_wconf 88' lang='lat' dir='ltr'>lius</span> <span class='ocrx_word' id='word_1_109' title='bbox 302 2233 372 2281; x_wconf 92' lang='lat' dir='ltr'>esse</span> <span class='ocrx_word' id='word_1_110' title='bbox 405 2231 592 2306; x_wconf 91' lang='lat' dir='ltr'>pauperem</span> <span class='ocrx_word' id='word_1_111' title='bbox 618 2205 796 2276; x_wconf 91' lang='lat' dir='ltr'>hominem</span> <span class='ocrx_word' id='word_1_112' title='bbox 821 2205 984 2294; x_wconf 85' lang='lat' dir='ltr'>divitem,</span> <span class='ocrx_word' id='word_1_113' title='bbox 1010 2205 1171 2302; x_wconf 85' lang='lat' dir='ltr'>ignotum</span> <span class='ocrx_word' id='word_1_114' title='bbox 1196 2208 1389 2296; x_wconf 89' lang='lat' dir='ltr'>inclutum,</span> <span class='ocrx_word' id='word_1_115' title='bbox 1459 2296 1461 2300; x_wconf 22' lang='grc' dir='ltr'>Ι</span> 
     </span>
     <span class='ocr_line' id='line_1_16' title="bbox 204 2333 1388 2432; baseline -0.001 -21"><span class='ocrx_word' id='word_1_116' title='bbox 204 2337 354 2411; x_wconf 85' lang='lat' dir='ltr'>Lucium</span> <span class='ocrx_word' id='word_1_117' title='bbox 377 2337 479 2410; x_wconf 89' lang='lat' dir='ltr'>illum</span> <span class='ocrx_word' id='word_1_118' title='bbox 504 2335 703 2408; x_wconf 83' lang='lat' dir='ltr'>Patrensem</span> <span class='ocrx_word' id='word_1_119' title='bbox 728 2333 923 2406; x_wconf 87' lang='lat' dir='ltr'>Lucianum</span> <span class='ocrx_word' id='word_1_120' title='bbox 949 2334 1119 2432; x_wconf 88' lang='lat' dir='ltr'>spoliasse.</span> <span class='ocrx_word' id='word_1_121' title='bbox 1154 2334 1266 2408; x_wconf 85' lang='lat' dir='ltr'>Addit</span> <span class='ocrx_word' id='word_1_122' title='bbox 1287 2336 1388 2410; x_wconf 90' lang='lat' dir='ltr'>haec:</span> 
     </span>
     <span class='ocr_line' id='line_1_17' title="bbox 204 2460 1393 2558; baseline 0 -21"><span class='ocrx_word' id='word_1_123' title='bbox 204 2489 265 2555; x_wconf 90' lang='lat' dir='ltr'>„er</span> <span class='ocrx_word' id='word_1_124' title='bbox 298 2465 428 2537; x_wconf 90' lang='lat' dir='ltr'>konnte</span> <span class='ocrx_word' id='word_1_125' title='bbox 462 2463 534 2535; x_wconf 90' lang='lat' dir='ltr'>also</span> <span class='ocrx_word' id='word_1_126' title='bbox 566 2463 631 2535; x_wconf 89' lang='lat' dir='ltr'>wol</span> <span class='ocrx_word' id='word_1_127' title='bbox 665 2462 726 2534; x_wconf 88' lang='lat' dir='ltr'>der</span> <span class='ocrx_word' id='word_1_128' title='bbox 760 2460 1006 2558; x_wconf 86' lang='lat' dir='ltr'>Versuchung‚</span> <span class='ocrx_word' id='word_1_129' title='bbox 1041 2462 1154 2535; x_wconf 87' lang='lat' dir='ltr'>solche</span> <span class='ocrx_word' id='word_1_130' title='bbox 1188 2463 1317 2537; x_wconf 85' lang='lat' dir='ltr'>Scenen</span> <span class='ocrx_word' id='word_1_131' title='bbox 1350 2490 1393 2537; x_wconf 83' lang='grc'>111</span> 
     </span>
     <span class='ocr_line' id='line_1_18' title="bbox 205 2589 1392 2687; baseline 0.001 -24"><span class='ocrx_word' id='word_1_132' title='bbox 205 2593 338 2680; x_wconf 86' lang='lat' dir='ltr'>meleu,</span> <span class='ocrx_word' id='word_1_133' title='bbox 374 2591 605 2687; x_wconf 78' lang='lat' dir='ltr'>unterliegen3</span> <span class='ocrx_word' id='word_1_134' title='bbox 643 2589 725 2663; x_wconf 88' lang='lat' dir='ltr'>aber</span> <span class='ocrx_word' id='word_1_135' title='bbox 759 2589 881 2685; x_wconf 84' lang='lat' dir='ltr'>gewisz</span> <span class='ocrx_word' id='word_1_136' title='bbox 914 2590 1034 2662; x_wconf 87' lang='lat' dir='ltr'>wiirde</span> <span class='ocrx_word' id='word_1_137' title='bbox 1058 2615 1094 2662; x_wconf 92' lang='lat' dir='ltr'>er</span> <span class='ocrx_word' id='word_1_138' title='bbox 1118 2590 1190 2664; x_wconf 92' lang='lat' dir='ltr'>sich</span> <span class='ocrx_word' id='word_1_139' title='bbox 1215 2592 1392 2687; x_wconf 74' lang='lat' dir='ltr'>geschiimt</span> 
     </span>
     <span class='ocr_line' id='line_1_19' title="bbox 205 2717 1393 2816; baseline -0.001 -23"><span class='ocrx_word' id='word_1_140' title='bbox 205 2721 337 2808; x_wconf 88' lang='lat' dir='ltr'>haben,</span> <span class='ocrx_word' id='word_1_141' title='bbox 376 2719 448 2792; x_wconf 90' lang='lat' dir='ltr'>sich</span> <span class='ocrx_word' id='word_1_142' title='bbox 481 2719 537 2791; x_wconf 84' lang='lat' dir='ltr'>fiir</span> <span class='ocrx_word' id='word_1_143' title='bbox 570 2717 726 2790; x_wconf 87' lang='lat' dir='ltr'>fremden</span> <span class='ocrx_word' id='word_1_144' title='bbox 762 2717 854 2790; x_wconf 85' lang='lat' dir='ltr'>Witz</span> <span class='ocrx_word' id='word_1_145' title='bbox 886 2717 1141 2816; x_wconf 79' lang='lat' dir='ltr'>Comph&#39;mente</span> <span class='ocrx_word' id='word_1_146' title='bbox 1173 2719 1318 2793; x_wconf 88' lang='lat' dir='ltr'>macheu</span> <span class='ocrx_word' id='word_1_147' title='bbox 1350 2746 1393 2792; x_wconf 82' lang='lat' dir='ltr'>zu</span> 
     </span>
     <span class='ocr_line' id='line_1_20' title="bbox 204 2846 1392 2923; baseline -0.002 0"><span class='ocrx_word' id='word_1_148' title='bbox 204 2851 314 2923; x_wconf 90' lang='lat' dir='ltr'>lassen</span> <span class='ocrx_word' id='word_1_149' title='bbox 338 2850 413 2923; x_wconf 91' lang='lat' dir='ltr'>und</span> <span class='ocrx_word' id='word_1_150' title='bbox 438 2848 605 2921; x_wconf 78' lang='lat' dir='ltr'>Gemitlde</span> <span class='ocrx_word' id='word_1_151' title='bbox 631 2847 741 2920; x_wconf 92' lang='lat' dir='ltr'>dieser</span> <span class='ocrx_word' id='word_1_152' title='bbox 766 2846 832 2919; x_wconf 90' lang='lat' dir='ltr'>Art</span> <span class='ocrx_word' id='word_1_153' title='bbox 855 2846 1166 2921; x_wconf 84' lang='lat' dir='ltr'>verstohlnerweise</span> <span class='ocrx_word' id='word_1_154' title='bbox 1193 2873 1258 2921; x_wconf 89' lang='lat' dir='ltr'>von</span> <span class='ocrx_word' id='word_1_155' title='bbox 1279 2849 1392 2921; x_wconf 91' lang='lat' dir='ltr'>einem</span> 
     </span>
     <span class='ocr_line' id='line_1_21' title="bbox 205 2975 655 3075; baseline -0.007 -22"><span class='ocrx_word' id='word_1_156' title='bbox 205 2980 348 3053; x_wconf 85' lang='lat' dir='ltr'>Audem</span> <span class='ocrx_word' id='word_1_157' title='bbox 373 2975 655 3075; x_wconf 84' lang='lat' dir='ltr'>abzucopieren.&#39;&#39;</span> 
     </span>
    </p>

    <p class='ocr_par' dir='ltr' id='par_1_3' title="bbox 205 3106 1395 3590">
     <span class='ocr_line' id='line_1_22' title="bbox 255 3106 1390 3206; baseline 0 -25"><span class='ocrx_word' id='word_1_158' title='bbox 255 3108 451 3181; x_wconf 91' lang='lat' dir='ltr'>Wielandio</span> <span class='ocrx_word' id='word_1_159' title='bbox 484 3107 528 3179; x_wconf 93' lang='lat' dir='ltr'>de</span> <span class='ocrx_word' id='word_1_160' title='bbox 561 3106 764 3179; x_wconf 86' lang='lat' dir='ltr'>auctoritate</span> <span class='ocrx_word' id='word_1_161' title='bbox 790 3106 907 3179; x_wconf 91' lang='lat' dir='ltr'>Photii</span> <span class='ocrx_word' id='word_1_162' title='bbox 933 3106 1109 3179; x_wconf 86' lang='lat' dir='ltr'>dubitanti</span> <span class='ocrx_word' id='word_1_163' title='bbox 1136 3108 1313 3206; x_wconf 85' lang='lat' dir='ltr'>proximus</span> <span class='ocrx_word' id='word_1_164' title='bbox 1338 3134 1390 3180; x_wconf 90' lang='lat' dir='ltr'>ac-</span> 
     </span>
     <span class='ocr_line' id='line_1_23' title="bbox 205 3235 1390 3334; baseline -0.002 -23"><span class='ocrx_word' id='word_1_165' title='bbox 205 3237 297 3311; x_wconf 91' lang='lat' dir='ltr'>cedit</span> <span class='ocrx_word' id='word_1_166' title='bbox 330 3237 369 3310; x_wconf 90' lang='lat' dir='ltr'>P.</span> <span class='ocrx_word' id='word_1_167' title='bbox 396 3235 436 3310; x_wconf 90' lang='lat' dir='ltr'>L.</span> <span class='ocrx_word' id='word_1_168' title='bbox 463 3236 626 3308; x_wconf 83' lang='lat' dir='ltr'>Counmn</span> <span class='ocrx_word' id='word_1_169' title='bbox 641 3239 686 3325; x_wconf 76' lang='lat'>⁹),</span> <span class='ocrx_word' id='word_1_170' title='bbox 720 3235 782 3330; x_wconf 90' lang='lat' dir='ltr'>qui</span> <span class='ocrx_word' id='word_1_171' title='bbox 815 3259 855 3307; x_wconf 91' lang='lat' dir='ltr'>eo</span> <span class='ocrx_word' id='word_1_172' title='bbox 888 3258 1083 3334; x_wconf 83' lang='lat' dir='ltr'>progressus</span> <span class='ocrx_word' id='word_1_173' title='bbox 1118 3243 1168 3308; x_wconf 88' lang='lat' dir='ltr'>est</span> <span class='ocrx_word' id='word_1_174' title='bbox 1202 3246 1242 3309; x_wconf 90' lang='lat' dir='ltr'>ut</span> <span class='ocrx_word' id='word_1_175' title='bbox 1266 3236 1390 3309; x_wconf 90' lang='lat' dir='ltr'>Photio</span> 
     </span>
     <span class='ocr_line' id='line_1_24' title="bbox 206 3363 1393 3459; baseline -0.003 -19"><span class='ocrx_word' id='word_1_176' title='bbox 206 3393 347 3440; x_wconf 92' lang='lat' dir='ltr'>omnem</span> <span class='ocrx_word' id='word_1_177' title='bbox 385 3366 625 3439; x_wconf 89' lang='lat' dir='ltr'>auctoritatem</span> <span class='ocrx_word' id='word_1_178' title='bbox 661 3363 900 3459; x_wconf 83' lang='lat' dir='ltr'>denegandam</span> <span class='ocrx_word' id='word_1_179' title='bbox 933 3374 1094 3438; x_wconf 86' lang='lat' dir='ltr'>censeret.</span> <span class='ocrx_word' id='word_1_180' title='bbox 1129 3365 1291 3437; x_wconf 82' lang='lat' dir='ltr'>Moretur</span> <span class='ocrx_word' id='word_1_181' title='bbox 1325 3365 1393 3437; x_wconf 82' lang='lat' dir='ltr'>iilis</span> 
     </span>
     <span class='ocr_line' id='line_1_25' title="bbox 207 3491 1395 3590; baseline -0.003 -22"><span class='ocrx_word' id='word_1_182' title='bbox 207 3495 423 3569; x_wconf 86' lang='lat' dir='ltr'>Patriarchae</span> <span class='ocrx_word' id='word_1_183' title='bbox 457 3493 568 3566; x_wconf 88' lang='lat' dir='ltr'>verbis</span> <span class='ocrx_word' id='word_1_184' title='bbox 606 3517 695 3589; x_wconf 82' lang='lat' dir='ltr'>quae</span> <span class='ocrx_word' id='word_1_185' title='bbox 731 3492 776 3564; x_wconf 91' lang='lat' dir='ltr'>ad</span> <span class='ocrx_word' id='word_1_186' title='bbox 813 3491 982 3564; x_wconf 88' lang='lat' dir='ltr'>diversam</span> <span class='ocrx_word' id='word_1_187' title='bbox 1021 3492 1201 3590; x_wconf 86' lang='lat' dir='ltr'>utriusque</span> <span class='ocrx_word' id='word_1_188' title='bbox 1234 3492 1395 3565; x_wconf 89' lang='lat' dir='ltr'>narratio-</span> 
     </span>
    </p>
   </div>
   <div class='ocr_carea' id='block_1_3' title="bbox 207 3619 1396 4104">
    <p class='ocr_par' dir='ltr' id='par_1_4' title="bbox 207 3619 1396 4104">
     <span class='ocr_line' id='line_1_26' title="bbox 207 3619 1394 3720; baseline -0.002 -24"><span class='ocrx_word' id='word_1_189' title='bbox 207 3624 260 3696; x_wconf 89' lang='lat' dir='ltr'>nis</span> <span class='ocrx_word' id='word_1_190' title='bbox 297 3632 458 3696; x_wconf 86' lang='lat' dir='ltr'>naturam</span> <span class='ocrx_word' id='word_1_191' title='bbox 490 3621 665 3720; x_wconf 89' lang='lat' dir='ltr'>pertinent</span> <span class='ocrx_word' id='word_1_192' title='bbox 698 3622 734 3712; x_wconf 83' lang='grc' dir='ltr'>(ὁ</span> <span class='ocrx_word' id='word_1_193' title='bbox 767 3619 841 3713; x_wconf 78' lang='grc' dir='ltr'>μὲν</span> <span class='ocrx_word' id='word_1_194' title='bbox 872 3623 1092 3704; x_wconf 79' lang='grc' dir='ltr'><strong><em>Λουκιανὸς</em></strong></span> <span class='ocrx_word' id='word_1_195' title='bbox 1118 3624 1321 3695; x_wconf 74' lang='lat' dir='ltr'>cadaver.</span> <span class='ocrx_word' id='word_1_196' title='bbox 1339 3680 1394 3695; x_wconf 88' lang='lat'>...</span> 
     </span>
     <span class='ocr_line' id='line_1_27' title="bbox 208 3748 1394 3846; baseline -0.005 -20"><span class='ocrx_word' id='word_1_197' title='bbox 208 3755 228 3827; x_wconf 89' lang='grc' dir='ltr'>ὁ</span> <span class='ocrx_word' id='word_1_198' title='bbox 254 3751 296 3826; x_wconf 81' lang='grc' dir='ltr'>δὲ</span> <span class='ocrx_word' id='word_1_199' title='bbox 322 3756 489 3838; x_wconf 81' lang='grc' dir='ltr'><em>Λούκιος</em></span> <span class='ocrx_word' id='word_1_200' title='bbox 515 3749 786 3841; x_wconf 78' lang='grc' dir='ltr'><em>σπουδάζων..</em></span> <span class='ocrx_word' id='word_1_201' title='bbox 805 3809 836 3823; x_wconf 95' lang='grc'>..</span> <span class='ocrx_word' id='word_1_202' title='bbox 864 3756 962 3840; x_wconf 81' lang='lat' dir='ltr'>eto),</span> <span class='ocrx_word' id='word_1_203' title='bbox 985 3774 1073 3846; x_wconf 87' lang='lat' dir='ltr'>quae</span> <span class='ocrx_word' id='word_1_204' title='bbox 1098 3749 1260 3823; x_wconf 87' lang='lat' dir='ltr'>Gouriero</span> <span class='ocrx_word' id='word_1_205' title='bbox 1281 3748 1394 3821; x_wconf 89' lang='lat' dir='ltr'>iudice</span> 
     </span>
     <span class='ocr_line' id='line_1_28' title="bbox 207 3877 1395 3953; baseline -0.003 0"><span class='ocrx_word' id='word_1_206' title='bbox 207 3881 445 3953; x_wconf 87' lang='lat' dir='ltr'>demonstrant</span> <span class='ocrx_word' id='word_1_207' title='bbox 465 3880 659 3952; x_wconf 87' lang='lat' dir='ltr'>inaccurate</span> <span class='ocrx_word' id='word_1_208' title='bbox 680 3885 715 3951; x_wconf 92' lang='lat' dir='ltr'>et</span> <span class='ocrx_word' id='word_1_209' title='bbox 729 3877 923 3950; x_wconf 89' lang='lat' dir='ltr'>inconsulto</span> <span class='ocrx_word' id='word_1_210' title='bbox 936 3904 956 3949; x_wconf 91' lang='grc'>1</span> <span class='ocrx_word' id='word_1_211' title='bbox 969 3877 1093 3950; x_wconf 93' lang='lat' dir='ltr'>Photio</span> <span class='ocrx_word' id='word_1_212' title='bbox 1107 3903 1177 3950; x_wconf 86' lang='lat' dir='ltr'>esse</span> <span class='ocrx_word' id='word_1_213' title='bbox 1190 3877 1395 3951; x_wconf 88' lang='lat' dir='ltr'>iudicatum.</span> 
     </span>
     <span class='ocr_line' id='line_1_29' title="bbox 208 4005 1396 4104; baseline -0.007 -20"><span class='ocrx_word' id='word_1_214' title='bbox 208 4009 418 4097; x_wconf 84' lang='lat' dir='ltr'>„Quomodo</span> <span class='ocrx_word' id='word_1_215' title='bbox 444 4007 561 4081; x_wconf 89' lang='lat' dir='ltr'>enim&#39;&#39;</span> <span class='ocrx_word' id='word_1_216' title='bbox 587 4006 636 4080; x_wconf 91' lang='lat' dir='ltr'>ait</span> <span class='ocrx_word' id='word_1_217' title='bbox 661 4006 759 4096; x_wconf 87' lang='lat' dir='ltr'>„fieri</span> <span class='ocrx_word' id='word_1_218' title='bbox 779 4006 893 4104; x_wconf 89' lang='lat' dir='ltr'>potuit</span> <span class='ocrx_word' id='word_1_219' title='bbox 917 4013 955 4078; x_wconf 91' lang='lat' dir='ltr'>ut</span> <span class='ocrx_word' id='word_1_220' title='bbox 967 4005 1117 4078; x_wconf 89' lang='lat' dir='ltr'>duarum</span> <span class='ocrx_word' id='word_1_221' title='bbox 1129 4005 1345 4096; x_wconf 86' lang='lat' dir='ltr'>fabularum,</span> <span class='ocrx_word' id='word_1_222' title='bbox 1359 4005 1396 4077; x_wconf 89' lang='lat' dir='ltr'>in</span> 
     </span>
    </p>
   </div>
   <div class='ocr_carea' id='block_1_4' title="bbox 247 4325 1132 4489">
    <p class='ocr_par' dir='ltr' id='par_1_5' title="bbox 247 4325 1132 4489">
     <span class='ocr_line' id='line_1_30' title="bbox 247 4325 1132 4399; baseline 0.003 -21"><span class='ocrx_word' id='word_1_223' title='bbox 247 4325 274 4399; x_wconf 91' lang='lat' dir='ltr'>l)</span> <span class='ocrx_word' id='word_1_224' title='bbox 295 4326 450 4394; x_wconf 80' lang='lat' dir='ltr'>Wrnmrn,</span> <span class='ocrx_word' id='word_1_225' title='bbox 476 4330 556 4382; x_wconf 85' lang='lat' dir='ltr'>Ueber</span> <span class='ocrx_word' id='word_1_226' title='bbox 575 4329 624 4381; x_wconf 79' lang='lat' dir='ltr'>den</span> <span class='ocrx_word' id='word_1_227' title='bbox 642 4329 746 4381; x_wconf 74' lang='lat' dir='ltr'>wahren</span> <span class='ocrx_word' id='word_1_228' title='bbox 771 4326 906 4394; x_wconf 80' lang='lat' dir='ltr'>Vcrfasser</span> <span class='ocrx_word' id='word_1_229' title='bbox 926 4328 970 4380; x_wconf 76' lang='lat' dir='ltr'>das</span> <span class='ocrx_word' id='word_1_230' title='bbox 990 4327 1132 4381; x_wconf 81' lang='lat' dir='ltr'>›Lucius&#39;&#39;.</span> 
     </span>
     <span class='ocr_line' id='line_1_31' title="bbox 247 4416 913 4489; baseline 0.005 -21"><span class='ocrx_word' id='word_1_231' title='bbox 247 4416 276 4489; x_wconf 86' lang='lat'>2)</span> <span class='ocrx_word' id='word_1_232' title='bbox 301 4416 340 4469; x_wconf 86' lang='lat' dir='ltr'>La</span> <span class='ocrx_word' id='word_1_233' title='bbox 360 4417 480 4472; x_wconf 87' lang='lat' dir='ltr'>Luciade</span> <span class='ocrx_word' id='word_1_234' title='bbox 498 4436 534 4474; x_wconf 92' lang='lat' dir='ltr'>ou</span> <span class='ocrx_word' id='word_1_235' title='bbox 553 4418 647 4472; x_wconf 73' lang='lat' dir='ltr'>L&#39;ane.</span> <span class='ocrx_word' id='word_1_236' title='bbox 667 4416 810 4472; x_wconf 87' lang='lat' dir='ltr'>Bruxelles</span> <span class='ocrx_word' id='word_1_237' title='bbox 834 4417 913 4471; x_wconf 80' lang='lat'><strong>1828.</strong></span> 
     </span>
    </p>
   </div>
   <div class='ocr_carea' id='block_1_5' title="bbox 0 0 1561 4988">
    <p class='ocr_par' dir='ltr' id='par_1_6' title="bbox 0 0 1561 4988">
     <span class='ocr_line' id='line_1_32' title="bbox 0 0 1561 4988; baseline 0 0"><span class='ocrx_word' id='word_1_238' title='bbox 0 0 1561 4988; x_wconf 95' lang='lat' dir='ltr'> </span> 
     </span>
    </p>
   </div>
  </div>
 </body>
</html>
