3082 4988
740 432 782 500 51

175 618 289 689 tricem
316 617 416 688 simul
439 616 576 688 bibimus
601 624 635 688 et
659 620 694 689 iu
719 642 804 688 ueuu
824 619 1064 714 peruuuitutio
1088 644 1154 691 uuo
1180 620 1358 691 coaluimus

174 770 234 816 uec
258 745 356 815 uliud
377 769 433 815 uos
458 769 556 841 quau
580 745 729 847 dipuitoo
754 746 924 834 disceruit,
950 748 1040 844 quod
1059 749 1121 819 illu
1135 749 1358 839 clarissimos,

175 898 231 969 epo
261 874 422 968 priuatus
457 873 594 967 uuptius
621 875 816 967 jecerimus.
856 899 914 971 epo
951 899 1020 948 auu
1046 877 1251 970 Byrrhaena
1275 878 1357 964 illu,

175 1005 266 1076 cuius
279 1007 379 1096 forte
402 1001 546 1094 sepiute
567 1026 682 1075 uoueu
702 1003 792 1074 iuter
815 1008 888 1075 tuos
901 1004 1094 1076 educatores
1102 1008 1357 1102 frequentatum

174 1134 309 1206 retineo.
337 1134 454 1204 accede
478 1134 595 1230 itaque
618 1132 794 1226 hospitium
809 1133 962 1226 Jtduoiu,
986 1134 1083 1205 iuuo
1099 1135 1256 1205 veroium
1270 1141 1359 1206 tuuu

171 1264 344 1357 proprium
369 1259 526 1335 Lureu.''
553 1259 633 1332 Non
659 1259 832 1332 immerito
858 1260 936 1357 quis
962 1261 1105 1334 miretur
1130 1260 1218 1334 hano
1238 1285 1360 1358 cogna-

175 1391 304 1463 tionem
326 1388 477 1462 Luoium
502 1389 643 1461 omnino
668 1388 825 1476 latuisse3
851 1389 922 1460 iam
947 1389 1050 1487 paulo
1075 1390 1231 1489 superius
1254 1391 1301 1464 Il.
1325 1394 1357 1465 2.

176 1519 324 1591 vidimus
349 1518 565 1616 Byrrhaenae
591 1517 755 1591 maritum
781 1543 861 1590 eum
886 1518 923 1589 in
944 1518 1033 1591 Foro
1053 1519 1245 1614 agnovisse:
1261 1519 1358 1607 „eat”

174 1649 285 1745 iuquit
314 1647 520 1735 „Herculea
548 1647 672 1718 Lucius
697 1654 731 1717 et
757 1647 857 1740 offert
883 1648 1023 1718 osculum
1050 1654 1085 1718 et
1108 1649 1225 1719 stotiu
1251 1649 1359 1719 iuuer-

176 1783 243 1847 tuu
269 1777 426 1872 quidnam
443 1780 479 1847 iu
500 1800 613 1847 uureu
631 1775 779 1846 mulieris
794 1772 952 1875 obpuuuu't
965 1777 1092 1873 „putu”
1106 1778 1217 1873 iuquit
1231 1777 1360 1864 „etiou

175 1906 247 1999 ipse
263 1910 441 2000 pareutum
468 1911 559 1976 tuum
584 1904 713 1975 accedia
739 1910 773 1974 et
797 1902 977 1976 aulutuo?’'
1004 1904 1050 1976 Et
1076 1903 1203 1977 Lucius
1224 1929 1360 2003 respon·

176 2032 252 2106 det:
293 2031 472 2122 „Vereor”
509 2034 645 2130 iuquam
681 2033 837 2128 „upuotue
867 2033 949 2104 uiti
981 2034 1151 2121 feuiuoe”
1186 2041 1220 2104 et
1243 2035 1360 2106 atutiu

175 2162 295 2234 rubore
319 2163 462 2256 suffusus
486 2162 608 2232 reiecto
634 2162 744 2260 cupite
768 2162 890 2234 restiti.
919 2159 1030 2258 Atqui
1054 2162 1091 2234 in
1116 2163 1254 2235 exordio
1279 2164 1361 2237 data

176 2316 278 2388 opera
310 2298 344 2363 et
377 2289 584 2363 nominatim
617 2288 706 2361 hanc
738 2290 942 2362 affinitatem
968 2291 1232 2387 significaverat!
1260 2293 1360 2366 Idem

175 2418 233 2491 ille
263 2417 409 2507 LuciuS,
435 2419 497 2516 qui
523 2417 691 2513 originem
716 2445 737 2490 a
762 2417 947 2491 Plutarcho
975 2427 1010 2491 et
1033 2419 1163 2492 lamam
1189 2421 1271 2493 inde
1295 2421 1362 2494 sibi

175 2547 430 2646 provenientem
456 2572 596 2619 oausam
619 2547 751 2619 itineris
776 2547 1046 2645 praedicaverat,
1068 2550 1231 2623 nonsatis
1245 2551 1376 2624 mirari

176 2683 288 2774 potest
320 2702 355 2750 se
387 2677 425 2748 in
449 2675 623 2748 Thessalia
647 2675 766 2748 matris
790 2676 978 2772 genuinam
1004 2701 1153 2750 sororem
1178 2677 1359 2753 offendere.

175 2805 288 2878 Nemo
321 2831 400 2878 sane
432 2805 657 2903 expectaverit
690 2804 785 2902 quod
818 2829 1019 2903 responsum
1045 2806 1142 2879 dedit
1166 2807 1361 2881 invitationi

175 2960 279 3032 supra
309 2935 486 3009 laudatae:
515 2937 572 3007 Ad
595 2935 675 3006 tuac
700 2959 758 3031 epo
782 2935 850 3006 iou
874 2937 1034 3007 sermonis
1057 2937 1163 3030 ipsius
1187 2962 1279 3008 uoru
1305 2962 1360 3008 ru·

177 3066 254 3137 bore
286 3067 412 3162 dipesto
441 3063 575 3153 „obsit”
598 3065 733 3161 iuquam
758 3088 923 3159 „poreua,
949 3072 986 3136 ut
1015 3067 1173 3138 Milouem
1198 3068 1359 3161 hospitem

176 3197 247 3266 ciue
284 3196 354 3266 utto
390 3195 526 3292 querele
557 3196 725 3282 deserum,
758 3195 820 3265 sed
840 3193 944 3288 pluue
970 3195 1060 3292 quod
1081 3194 1194 3289 officiis
1219 3196 1361 3292 iutepris

172 3331 284 3417 potest
317 3323 399 3418 effici
422 3322 543 3394 curabo
567 3323 688 3395 sedulo.
716 3324 866 3419 quotieua
890 3324 1024 3394 itiueria
1050 3325 1146 3394 huius
1171 3325 1261 3395 ratio
1285 3349 1361 3397 uua-

178 3460 269 3524 cetur
293 3476 469 3548 uumquuuu
495 3452 561 3523 erit
586 3457 624 3522 ut
648 3476 711 3522 uou
737 3451 831 3544 opud
852 3458 885 3523 te
907 3449 1097 3524 deuertur.'’
1124 3449 1277 3523 Tantum
1299 3453 1361 3549 qui

178 3578 265 3651 hano
298 3578 473 3675 sanguinis
506 3577 746 3674 cognationem
779 3600 915 3675 prorsus
947 3577 1146 3673 ignorabat,
1184 3579 1234 3652 ita
1266 3579 1363 3677 loqui

176 3715 310 3807 poterat
333 3716 374 3781 ut
399 3716 551 3783 narrator
576 3708 679 3782 huius
704 3707 851 3781 fabulae.

227 3839 281 3910 Ex
316 3838 407 3911 hisce
440 3838 572 3936 optimo
604 3838 679 3909 iure
712 3835 869 3932 colligere
903 3834 991 3906 mihi
1023 3835 1141 3908 videor
1164 3837 1280 3911 inania
1304 3838 1364 3911 illa

176 3968 280 4041 verba
305 3969 348 4041 de
371 3965 472 4041 Lucii
497 3990 576 4039 eum
601 3963 787 4038 Plutarcho
812 3963 979 4037 affinitate
1003 3965 1155 4063 rehquao
1176 3967 1362 4040 narrationi

177 4099 226 4170 ita
258 4120 467 4196 repugnare,
496 4101 538 4168 ut
563 4093 686 4166 merito
710 4091 931 4191 suppositicia
958 4118 1028 4166 esso
1050 4093 1250 4184 videantur3
1279 4121 1363 4193 quo·

178 4224 281 4297 modo
317 4224 354 4297 in
391 4230 591 4297 contextum
624 4220 821 4319 irrepserint
855 4245 935 4293 mox
971 4221 1114 4319 patebit.
1146 4224 1257 4297 Causa
1282 4224 1363 4297 vitii

178 4353 262 4425 latet
286 4354 323 4425 in
347 4352 407 4426 lib.
435 4351 500 4426 XI.

225 4480 303 4556 Lib.
330 4480 404 4570 XI,
431 4482 476 4554 27
500 4476 629 4552 Lucius
658 4480 915 4551 Muduuruuoeu
936 4503 971 4552 se
991 4479 1182 4577 praedicat;
1207 4480 1264 4553 vix
1277 4505 1364 4580 opus
1466 4498 1470 4505 '
