3082 4988
728 412 775 482 le

155 596 314 684 Aurelio,
339 597 509 695 illumque
533 599 775 695 imperatorem
801 598 1009 696 discipulum
1031 597 1209 685 habuisse,
1239 595 1332 694 quod

154 725 259 798 etiam
291 725 397 798 altero
430 726 504 798 loco
538 727 778 815 confirmatum
806 734 883 825 post
909 735 1056 799 mortem
1083 725 1207 799 deinde
1233 726 1333 797 Oom·

154 853 250 925 modi
272 852 450 925 hominem
470 853 646 950 quendam
667 837 761 927 Senti
782 863 893 953 partes
916 855 1037 951 egisse,
1057 878 1127 926 non
1141 854 1203 926 diu
1215 861 1332 926 tamen

152 980 282 1053 fraudis
313 1004 394 1052 suae
426 980 558 1052 fructus
591 982 788 1079 percepisse.
827 982 933 1058 Quod
966 983 1090 1055 attinet
1122 982 1166 1055 ad
1200 1006 1332 1055 annum

153 1108 303 1180 natalem
329 1107 441 1195 Sexti,
467 1114 601 1206 oportet
624 1109 723 1182 facile
748 1109 822 1181 fieri
847 1110 1000 1206 potuisse
1023 1119 1063 1183 ut
1088 1135 1128 1183 eo
1152 1134 1243 1182 anno
1262 1133 1331 1207 quo
1472 1154 1480 1175 ,

156 1235 368 1308 Commodus
392 1243 549 1308 mortuus
574 1243 625 1309 est
649 1241 748 1328 (192)
773 1237 916 1325 viveret;
944 1238 972 1310 si
997 1239 1091 1310 enim
1115 1244 1256 1310 centum
1275 1261 1333 1308 an·

157 1387 218 1435 nos
242 1362 367 1436 abhinc
390 1371 492 1436 natus
516 1372 622 1453 esset,
647 1389 749 1437 nemo
774 1373 864 1437 certe
884 1391 987 1438 ausus
1008 1373 1094 1439 esset
1114 1371 1197 1438 tunc
1209 1376 1334 1459 φῆσαι

154 1498 301 1580 Σέξτος
327 1490 438 1582 εἶναι,
465 1518 569 1590 quare
593 1501 740 1566 statuere
765 1494 845 1566 licet
869 1495 1012 1566 Sextum
1036 1520 1132 1576 anno,
1151 1498 1238 1581 192,
1255 1492 1333 1590 'quo

155 1620 368 1694 Commodus
403 1621 533 1694 occisus
570 1630 638 1710 est,
676 1629 738 1694 aut
775 1622 895 1695 vixisse
932 1631 993 1695 aut
1029 1623 1140 1695 vivere
1173 1622 1336 1721 potuisse.

155 1751 291 1823 Deinde
315 1751 402 1823 etsi
426 1751 645 1824 'concedimus
669 1751 818 1824 Saluiam
845 1760 880 1824 et
905 1751 1138 1850 Byrrhaenam
1164 1752 1268 1825 fuisse
1293 1752 1333 1824 fi-

155 1878 218 1950 lias
252 1879 346 1961 Sexti
372 1879 471 1975 (forte
497 1878 601 1951 etiam
627 1878 763 1974 longius
787 1878 832 1952 ab
858 1903 898 1951 eo
923 1879 1086 1971 distant),
1113 1880 1263 1976 sequiter
1287 1903 1338 1951 so-

152 2031 243 2079 rores
267 2006 342 2079 illas
369 2015 458 2079 certe
483 2032 552 2080 non
578 2015 657 2080 ante
684 2012 752 2080 120
777 2013 874 2080 natas
900 2032 980 2082 esse.
1003 2008 1213 2105 Temporum
1229 2008 1336 2104 igitur

153 2133 330 2208 intervalla
350 2135 380 2206 si
401 2159 506 2231 quam
529 2135 730 2209 brevissima
750 2145 1014 2233 computamus,
1037 2137 1231 2234 colligimus
1251 2137 1336 2209 Sal-

150 2263 260 2334 viam
285 2270 379 2360 post
404 2269 509 2353 (certo
531 2263 641 2334 multo
663 2269 752 2361 post)
774 2288 943 2336 annum
964 2269 1033 2338 120
1055 2272 1206 2338 natam
1227 2290 1333 2338 esse.

201 2390 305 2466 Quod
339 2392 470 2489 optime
497 2417 635 2490 quoque
648 2370 879 2491 'componitur
903 2418 982 2466 cum
1009 2394 1126 2492 paucis
1155 2394 1222 2467 illis
1247 2419 1335 2494 quae

153 2517 196 2590 de
234 2527 388 2616 tempore
425 2545 495 2616 quo
532 2519 737 2593 Plutarchus
770 2521 893 2592 vixerit
924 2521 969 2592 ad
1002 2545 1064 2594 nos
1097 2530 1324 2620 pervenerunt
1331 2558 1339 2611 ;

154 2645 279 2719 Suidas
312 2647 435 2723 habet:
472 2649 748 2746 ,Πλούταρχος
779 2651 1000 2750 Χαιρωνεὺς
1031 2661 1098 2744 τῆς
1121 2654 1332 2739 Βοιωτίας,

154 2776 318 2873 γεγονὼς
351 2778 412 2851 ἐπὶ
445 2788 522 2852 τῶν
550 2783 745 2876 Τραιανοὺ
772 2789 839 2854 τοῦ
863 2782 1064 2879 Καίσαρος
1075 2821 1085 2850 ι
1087 2787 1243 2879 χρόνων
1267 2783 1335 2855 καί

155 2906 213 2978 ἔτι
252 2909 439 3005 πρόσθεν.
481 2905 668 3002 μεταδούς
709 2906 751 2982 δὲ
793 2911 895 3006 αὐτῷ
933 2913 1128 3008 Τραιανὸς
1162 2924 1228 3001 τῆς
1260 2921 1337 2985 τῶν

154 3035 304 3109 ὑπάτων
336 3036 451 3123 ἀξίας
478 3044 704 3136 προσέταξεν
724 3035 876 3127 μηδένα
900 3047 978 3113 τῶν
1002 3039 1103 3113 nasci
1127 3043 1195 3130 τὴν
1225 3039 1334 3114 'Illv-

155 3161 244 3261 ρίδα
278 3164 482 3262 ἀρχόντων
515 3163 632 3264 παρὲξ
664 3179 729 3257 τῆς
762 3179 877 3242 αυτοῦ
902 3173 1058 3266 γνώμης
1083 3198 1122 3240 τι
1147 3166 1335 3267 tranque-

153 3295 323 3373 τεσθαι.”
350 3297 395 3368 Et
428 3295 523 3393 quod
548 3296 685 3369 maioris
710 3297 878 3369 momenti
903 3305 973 3386 est,
999 3298 1094 3396 apud
1118 3299 1234 3397 ipsum
1258 3299 1337 3372 Plu·

154 3424 313 3496 tarchum
345 3423 492 3520 legimus
526 3423 583 3514 (de
617 3452 651 3498 ει
684 3449 737 3520 ap.
772 3424 898 3522 Delph.
934 3450 1007 3522 cap.
1042 3425 1082 3513 I,
1117 3451 1150 3523 p.
1187 3429 1255 3499 385
1278 3426 1335 3517 b):

156 3554 207 3636 ὡς
241 3551 283 3626 δὲ
316 3547 490 3638 καθίσας
514 3553 617 3651 παραὶ
641 3557 711 3628 τὸν
735 3554 829 3626 νεὼν
854 3554 901 3626 ναὶ
925 3552 1000 3647 μὲν
1025 3554 1144 3641 αὐτὸς
1168 3557 1336 3653 ἠρξάμην

157 3684 299 3772 ζητεῖν,
324 3682 372 3754 ταὶ
396 3679 431 3755 δ’
456 3685 623 3767 ’ἐκείνους
647 3683 813 3780 ἐρωτᾶν,
836 3681 907 3756 ὑπὸ
934 3692 1001 3759 τοῦ
1026 3664 1142 3759 τόπον
1167 3687 1334 3760 καὶτῶν

156 3811 279 3907 λόγων
311 3811 455 3896 αὐτῶν,
491 3811 517 3883 ἅ
551 3809 670 3883 παλαι
703 3811 791 3885 ποτὲ
817 3809 907 3886 καθ’
932 3814 979 3886 ὃν
1003 3814 1139 3910 καιρὸν
1164 3813 1333 3908 ἐπεδήμει

156 3945 303 4038 Νέρων,
329 3943 541 4033 ἠκούσαμεν
566 3939 785 4038 Ἀμμωνίου
811 3943 880 4015 καί
901 3952 1016 4017 τινων
1037 3943 1159 4018 ἄλλων
1177 3942 1334 4032 διεξιόν·

156 4096 249 4158 των,
269 4074 439 4146 ἐνταῦθα
456 4083 522 4163 τῆς
536 4083 653 4164 αντῆς
666 4071 829 4169 ἀπορίας
842 4074 982 4165 ὁμοιως
997 4077 1226 4165 ἐμπεσούσης
1238 4135 1245 4149 .
1261 4131 1268 4145 .
1282 4136 1289 4148 .
1303 4074 1334 4149 .”

156 4199 258 4273 Unde
296 4212 438 4299 apparet
474 4200 701 4275 Plutarchum
737 4202 898 4274 iuvenem
935 4203 1035 4293 (dicit
1073 4204 1166 4276 enim
1204 4203 1335 4295 πάλαι)

157 4328 260 4401 fuisse
297 4355 367 4427 quo
404 4337 556 4427 tempore
593 4329 686 4402 Nero
723 4331 759 4402 in
798 4330 940 4404 Graecia
972 4332 1111 4428 degeret
1144 4335 1334 4424 (66-68);

157 4456 245 4529 nihil
278 4458 386 4554 igitur
417 4457 531 4531 obstat
561 4458 748 4556 quominus
773 4485 854 4533 cum
877 4460 1007 4533 Zellero
1032 4461 1234 4553 (Grundrisn
1258 4485 1335 4559 pag.
