3082 4988
752 335 796 405 58

103 592 107 598 .
175 524 265 596 catio
297 522 413 595 adhue
444 522 583 594 inventa
615 544 685 592 non
719 519 772 592 sit.
819 519 938 594 Quare
967 519 1192 592 statuendum
1227 520 1365 594 videtur

175 651 300 723 vitium
315 656 341 740 1)
379 649 416 720 iu
451 649 640 722 orationem
668 647 860 744 irrepsisse,
885 645 999 743 quod,
1025 647 1127 744 quale
1152 649 1197 721 sit
1222 648 1286 721 etsi
1310 674 1362 723 uo·

178 785 296 849 eurate
329 776 473 850 definire
505 800 575 848 non
610 799 810 873 possumus,
852 775 1019 869 originem
1053 783 1170 848 tamen
1203 777 1323 851 erroris
1336 777 1363 868 ²)

176 905 383 1000 investigare
407 929 476 977 non
502 903 641 976 diffieile
666 928 737 976 esse
761 910 858 1000 puto,
885 903 937 974 Ex
960 901 1082 974 eodem
1103 929 1213 976 errore
1229 928 1363 1002 compe·

175 1032 303 1104 riemus
336 1041 371 1104 et
403 1031 469 1103 hoe
493 1031 568 1103 loeo
592 1040 627 1103 et
651 1030 687 1102 in
713 1055 787 1126 oap.
816 1034 836 1102 2
862 1029 923 1103 lib.
949 1030 968 1100 l
993 1029 1075 1120 (vid.
1102 1055 1179 1128 pag.
1207 1036 1276 1122 44,
1300 1037 1362 1124 45)

175 1159 410 1232 confusionem
444 1168 563 1250 natam
598 1183 678 1231 esse.
713 1156 817 1230 Viam
843 1158 1089 1231 monstrabunt
1112 1159 1165 1231 illi
1189 1159 1254 1232 loei
1279 1186 1362 1258 quo

174 1312 254 1360 rum
276 1287 362 1360 fides
383 1288 600 1375 testimoniis,
618 1286 663 1359 ab
676 1286 751 1382 ipso
765 1286 915 1382 Apuleio
928 1294 1023 1359 extra
1036 1287 1360 1384 Metamorphoseon

175 1414 280 1486 libros
306 1413 415 1503 datis,
443 1414 618 1513 probatur.
1047 1398 1050 1407 ¹

226 1542 365 1614 Etenim
398 1543 433 1614 in
460 1542 529 1615 fine
554 1540 652 1614 Libri
677 1539 731 1613 XI
756 1541 799 1612 de
824 1540 926 1613 Isidis
950 1542 1048 1614 cultu
1073 1552 1146 1615 tam
1171 1543 1305 1641 copiose
1329 1554 1364 1615 et

177 1679 334 1741 accurate
355 1669 563 1755 disseritur,¹
577 1677 618 1741 ut
637 1668 697 1772 vel*
714 1667 779 1740 hoe
790 1667 902 1740 solum
918 1669 999 1741 satis
1011 1694 1182 1766 superque
1195 1671 1364 1767 significet

178 1797 370 1894 Apuleium
404 1797 507 1887 haee,
540 1796 644 1892 vulgo
677 1797 746 1868 fere
779 1796 974 1890 incognita,
1010 1821 1080 1869 non
1106 1798 1173 1870 nisi
1197 1799 1364 1896 sapientia

178 1949 313 2023 usuque
339 1925 528 1997 describere
553 1924 714 2022 potuisse.
736 1924 841 1999 Quae
867 1924 1009 2020 quidem
1034 1925 1228 1999 eonieetura
1251 1927 1366 2000 firma»

173 2063 231 2126 tur
266 2053 328 2141 iis,
365 2079 453 2150 quae
490 2052 592 2149 Apol.
633 2055 697 2139 55,
736 2057 757 2124 9
792 2051 962 2149 Apuleius
996 2051 1039 2124 de
1075 2078 1109 2125 se
1133 2054 1208 2151 ipso
1233 2063 1366 2130 narrat:

175 2181 378 2270 „Sacrorum
405 2183 573 2278 pleraque
604 2180 707 2251 initia
742 2181 777 2250 ir
816 2179 962 2250 Graecia
993 2182 1210 2275 participari.
1237 2185 1364 2255 Eorum

173 2311 336 2406 quaedam
369 2310 467 2404 or'prra
501 2315 535 2379 et
570 2316 776 2380 monumenta
813 2283 945 2378 tradita
977 2307 1060 2379 aridi
1092 2335 1115 2380 a
1138 2310 1365 2384 sacerdotibus

173 2439 286 2510 sedulo
312 2435 499 2510 conservo.'¹
524 2435 610 2509 ibid.
640 2439 703 2525 55,
732 2440 796 2509 13:
824 2441 896 2524 „Ar
921 2461 997 2532 epe,
1024 2445 1063 2508 rt
1084 2439 1364 2537 diai,rrrrltr'iupa

174 2553 273 2639 ruera
308 2573 342 2636 et
371 2566 534 2659 plurimos
565 2565 653 2636 ritas
679 2571 713 2636 et
737 2566 851 2636 variar
877 2566 1074 2637 cerimonias
1097 2567 1208 2657 studio
1233 2570 1303 2639 ueri
1329 2576 1364 2640 et

177 2697 293 2792 officio
327 2720 408 2789 erpa
442 2694 519 2764 deos
553 2693 691 2766 didici.'¹
730 2692 818 2765 Sane
852 2717 922 2765 non
957 2702 1008 2765 est
1039 2718 1099 2766 cur
1132 2702 1205 2765 tum
1238 2682 1366 2793 apertis

174 2823 286 2895 verbis
311 2821 418 2893 fidem
444 2819 670 2915 denegemus3
697 2818 786 2893 illud
812 2844 890 2892 vero
911 2846 991 2918 pree
1013 2815 1120 2894 oeulis
1141 2822 1282 2894 omnino
1304 2822 1363 2895 ha·

174 2951 322 3023 beamus
361 2955 517 3045 oportet:
566 2956 700 3043 praeter
737 2946 820 3019 haee
858 2972 946 3044 quae
978 2948 1022 3020 de
1056 2935 1164 3021 Isidis
1192 2950 1364 3046 mysteriis

174 3059 374 3164 narrantur,
412 3100 520 3147 unam
553 3083 693 3146 tantum
727 3100 820 3166 rem,
854 3077 952 3148 cuius
976 3076 1013 3148 in
1038 3076 1363 3174 Metamorphoseon

173 3206 262 3279 libro
286 3205 342 3278 XI
369 3204 501 3276 mentio
526 3212 698 3291 ooeurrat,
725 3228 805 3275 eum
830 3204 898 3275 illis
912 3229 1002 3300 quae
1016 3204 1185 3301 Apuleius
1198 3205 1282 3277 alibi
1294 3205 1363 3277 sibi

173 3334 334 3407 accidisse
366 3341 483 3405 narrat
518 3340 598 3429 apte
631 3331 822 3404 oohaerere.
855 3333 987 3404 Romae
1025 3333 1117 3405 enim
1151 3359 1186 3406 se
1214 3358 1274 3430 per
1299 3333 1359 3405 eli-

176 3462 272 3560 quod
301 3472 440 3558 tempus
464 3468 717 3532 commoratum
745 3484 815 3531 esse
840 3467 876 3531 et
900 3460 937 3531 in
963 3459 1107 3535 Metam.
1136 3461 1224 3534 libro
1249 3460 1304 3535 XI
1330 3470 1364 3534 et

179 3650 361 3663 “-

215 3741 243 3816 1)
273 3742 406 3797 Insolitus
435 3757 545 3810 quoque
565 3741 712 3795 verborum
732 3740 798 3795 ordo
819 3758 869 3795 nos
889 3739 1012 3796 offendat
1032 3740 1158 3809 oportet:
1179 3730 1363 3806 „Madauren-

175 3849 232 3889 sem
246 3871 252 3884 .
264 3872 271 3886 .
282 3870 307 3886 ..
326 3833 373 3886 sed
391 3829 541 3887 admodum
560 3830 738 3900 pauperem”.
759 3830 825 3895 Quis
839 3829 935 3885 eredat
952 3831 1062 3898 praeter
1072 3829 1146 3883 huno
1157 3848 1242 3884 unum
1253 3831 1360 3885 nullum

174 3922 260 3976 fuisse
286 3937 438 3990 pauperem
463 3920 538 3974 inter
563 3919 775 3974 Madaurenses!
796 3920 873 4000 Quod
894 3924 988 3973 temen
1009 3936 1043 3994 ex
1062 3919 1154 3973 verbis
1173 3936 1244 3988 quae
1266 3921 1364 3989 attuli-

176 4029 238 4066 mus
256 4010 315 4065 iure
334 4010 396 4079 quis
416 3997 542 4079 colliget.
1272 4071 1274 4077 ,

213 4099 242 4174 2)
262 4100 436 4169 Quemquam
461 4098 629 4168 Oudendorp
650 4098 803 4153 remedium
824 4098 922 4153 afferre
943 4114 998 4152 non
1018 4099 1126 4167 potuit,
1147 4103 1241 4158 tamen
1262 4099 1362 4158 vitium

172 4191 269 4246 adesso
297 4189 321 4243 is
349 4206 458 4259 quoque
487 4188 586 4254 sensit3
619 4188 768 4244 annotavit
797 4188 867 4243 h.l.:
896 4187 1046 4257 „Turpiter
1067 4189 1112 4242 hie
1132 4188 1176 4242 sui
1195 4189 1301 4244 oblitus
1321 4195 1365 4244 est

110 4330 112 4336 ,
173 4279 322 4350 Apuleius,
351 4279 401 4349 qui
428 4282 491 4336 toto
521 4295 603 4347 opere
632 4294 661 4334 se
690 4278 772 4334 finxit
791 4295 849 4333 esse
869 4278 1006 4333 Graecum
1032 4278 1067 4332 ab
1086 4277 1188 4337 inolito
1210 4279 1361 4351 Plutarcho

174 4368 331 4426 oriundum.
351 4370 427 4424 Haec
447 4385 511 4424 sane
531 4384 587 4423 non
606 4367 806 4424 conveniunt.”
