3082 4988
742 365 786 436 17

174 555 372 644 ἀληθῶν
416 550 738 648 διηγημάτων
782 551 1008 623 Λουκιανοῦ
1044 548 1112 620 καί
1149 546 1215 620 τοι)
1261 547 1363 641 περὶ

172 712 291 777 μετα
301 685 470 780 μορφώ
483 704 601 753 osor
621 678 787 753 Λουκίου
803 680 907 774 πηγὴ
929 678 996 750 καί
1014 677 1102 772 ῥίζα
1122 677 1243 748 ἔοικεν
1258 671 1364 749 εἶναι

172 823 303 888 τοῦτο·
339 813 384 883 ου’
414 813 540 901 μόνον
576 806 617 881 δὲ
644 806 737 880 α’λλοὶ
765 807 935 878 καὶτῶν
960 809 1041 901 περὶ
1066 802 1271 878 Σινωνίόα
1297 806 1365 876 καί

172 938 361 1029 Ῥοδάνην
393 943 613 1026 Λευκίππην
655 965 694 1010 τε
736 937 805 1008 καί
838 936 1108 1026 Κλειτοφῶντα
1142 935 1209 1006 καί
1241 933 1364 1030 Χαρί-

174 1071 306 1143 κλειαν
327 1069 395 1141 καί
418 1070 629 1164 Θεαγένην,
651 1073 728 1137 τῶν
747 1093 785 1138 τε
801 1067 882 1163 περί
896 1065 1035 1149 αὐτοὺς
1047 1065 1282 1159 πλασμάτων
1295 1065 1365 1136 καί

175 1210 243 1289 τῆς
275 1197 416 1285 πλάνης
454 1197 601 1291 ἐρώτων
636 1221 673 1266 τε
706 1195 774 1266 καί
808 1193 983 1291 ἁρπαγης
1017 1195 1086 1266 καί
1120 1191 1311 1266 κινδύνων
1344 1199 1366 1282 ἡ

178 1327 381 1424 reexortis
413 1325 483 1398 καί
520 1302 710 1419 Κηρυλλοὲ
735 1323 805 1395 καί
832 1325 1080 1419 Θρουσκανὸς
1110 1325 1179 1397 καί
1205 1326 1367 1410 Δεινίας

176 1459 328 1530 ἐοίκασι
355 1451 598 1551 παράδειγμα
626 1450 861 1550 γεγονέναι.”

226 1584 354 1681 Agitur
379 1583 414 1655 h.
433 1583 456 1657 l.
481 1583 525 1655 de
550 1589 661 1654 aetate
686 1583 756 1678 qua
781 1579 866 1653 vixit
892 1579 1068 1653 Antonius
1092 1580 1150 1653 ille
1175 1581 1367 1678 Diogenes,

176 1720 296 1786 auctor
321 1709 519 1806 ceteroquin
540 1709 622 1781 satis
644 1708 809 1781 obscurus
828 1708 924 1780 etad
937 1716 1091 1780 nostram
1104 1710 1367 1782 controversiam
1466 1753 1469 1759 ·

178 1839 410 1913 dirimendam
444 1837 575 1911 nullius
610 1836 796 1932 momenti;
833 1845 949 1910 atvero
984 1837 1104 1931 magni
1136 1837 1279 1910 interest
1304 1838 1369 1910 hoc

177 1962 418 2040 testimonium
443 1965 610 2063 inspicere
635 1989 705 2037 non
731 1965 844 2037 solum
871 1963 916 2035 ad
937 1964 1175 2061 quaestionem
1197 1965 1393 2038 illustras»

178 2097 260 2169 dam
294 2095 354 2169 sed
388 2093 564 2167 etiamad
591 2092 868 2188 cognoscendum
894 2116 1001 2188 quam
1027 2093 1197 2165 rationem
1223 2093 1369 2166 Photius

176 2223 214 2297 in
247 2221 524 2319 argumentando
558 2228 696 2294 secutus
731 2220 785 2294 sit.
822 2221 903 2296 Quo
934 2220 1024 2292 facto
1050 2222 1228 2293 ostendere
1252 2221 1371 2294 licebit

178 2375 280 2439 eum,
319 2349 384 2422 etsi
419 2349 532 2421 multa
566 2372 645 2420 vera
677 2347 878 2446 protulerit,
915 2355 1032 2420 tamen
1068 2348 1104 2420 in
1130 2349 1370 2422 concludendo

179 2453 314 2577 saepius
344 2484 461 2575 aperte
494 2501 631 2549 errasse.
658 2474 807 2572 Aptiora
831 2475 939 2571 igitur
963 2483 1170 2571 argumenta
1194 2476 1251 2549 hic
1275 2478 1371 2551 locus

180 2605 341 2703 praebere
367 2605 535 2703 potuisset
560 2604 603 2676 iis
624 2604 686 2701 qui
707 2605 983 2676 demonstratum
1004 2603 1141 2676 iverunt
1162 2603 1287 2678 Photio
1301 2632 1371 2679 non

179 2742 308 2806 temere
333 2733 545 2806 credendum
572 2757 651 2806 esse.
680 2732 767 2820 Sed,
796 2741 836 2804 ut
861 2730 897 2833 at
921 2732 996 2830 ipsa
1021 2732 1124 2806 verba
1149 2742 1370 2823 revertamur,

178 2862 388 2934 nominatim
413 2860 542 2933 iterum
568 2860 695 2932 citatur
721 2859 851 2933 Lucius
877 2868 1015 2948 auctor,
1042 2885 1156 2958 neque
1182 2862 1253 2934 ullo
1277 2887 1371 2959 prae·

180 2995 273 3060 terea
297 2988 494 3068 testimonio
519 3012 677 3083 egemus3
704 2988 800 3084 quod
826 2987 854 3059 si
875 2995 1010 3085 praesto
1029 2987 1148 3060 fuisset
1160 2988 1202 3061 iis
1215 2989 1277 3086 qui
1290 3014 1371 3061 eum
1415 2993 1418 2999 ’

180 3116 349 3189 exstitisse
381 3123 610 3211 negaverunt,
646 3115 719 3187 sine
751 3114 860 3187 dubio
895 3115 1073 3211 scrupulos
1105 3114 1147 3187 iis
1180 3115 1371 3190 exemisset.

180 3245 262 3317 Non
276 3245 394 3317 solum
418 3243 511 3315 enim
532 3241 741 3314 nominatim
764 3250 1056 3313 commemoratur
1077 3241 1134 3314 hic
1147 3241 1277 3315 Lucius
1291 3244 1372 3332 sed,

181 3372 276 3470 quod
301 3371 440 3468 gravius
465 3379 533 3457 est,
561 3375 852 3472 commemoratur
876 3369 974 3440 iuxta
998 3367 1214 3458 Lucanum,
1242 3394 1312 3466 qua
1337 3395 1373 3442 re

181 3498 288 3571 simul
320 3497 577 3592 redarguuntur
606 3495 668 3591 qui
694 3494 858 3591 suspicati
883 3503 966 3567 sunt
990 3495 1158 3568 Photium
1183 3496 1287 3569 ambo
1314 3522 1373 3570 no

182 3626 278 3699 mina
302 3624 505 3698 confudisse.
537 3623 683 3696 Disertis
708 3623 802 3695 enim
828 3622 939 3709 verbis
965 3648 1052 3721 opus
1077 3622 1223 3697 Antonii
1248 3624 1373 3722 Dioge·

181 3753 235 3826 nis
260 3753 424 3826 hocloco
449 3778 469 3824 a
493 3750 619 3824 Photio
643 3775 724 3823 curn
751 3748 859 3823 Verae
885 3750 1059 3825 Historiae
1082 3750 1228 3826 Luciani
1244 3760 1268 3845 ¹)
1294 3762 1373 3826 tum

222 4052 250 4127 1)
276 4053 401 4123 Apparet
429 4034 564 4108 Photium
590 4050 706 4107 Asinum
730 4050 805 4107 iuter
823 4049 946 4120 genuina
964 4068 1049 4121 opera
1069 4053 1208 4109 Lucianea
1227 4054 1371 4122 habuisso;

182 4143 318 4214 permulti
337 4145 432 4197 tamen
452 4144 529 4198 fuere
549 4142 597 4213 qui
615 4140 738 4196 Lucisne
758 4140 829 4194 illud
849 4157 918 4210 opus
938 4141 1147 4208 abiudicarent,
1165 4144 1373 4213 etmequidem

182 4233 274 4289 iudice
302 4232 465 4288 rectissime.
494 4233 570 4299 Quae
596 4235 693 4287 tamen
719 4247 762 4284 res
780 4230 914 4285 intricata
933 4232 962 4285 et
982 4230 1147 4287 difficillima
1166 4232 1263 4302 paucis
1282 4233 1374 4289 verbis

183 4323 254 4379 solvi
273 4323 387 4393 nequit;
408 4323 443 4378 de
464 4338 497 4377 eo
513 4325 608 4378 autem
625 4337 708 4392 opero
723 4320 801 4390 loqui
811 4336 926 4390 pergam
936 4322 969 4374 ut
979 4320 1013 4374 de
1024 4337 1106 4390 opere
1116 4322 1374 4392 pseudo-Lucienoo

184 4412 372 4487 (musicum),

1214 4517 1232 4566 2
