<?xml version="1.0" encoding="UTF-8"?>
<!DOCTYPE html PUBLIC "-//W3C//DTD XHTML 1.0 Transitional//EN"
    "http://www.w3.org/TR/xhtml1/DTD/xhtml1-transitional.dtd">
<html xmlns="http://www.w3.org/1999/xhtml" xml:lang="en" lang="en">
 <head>
  <title>
</title>
<meta http-equiv="Content-Type" content="text/html;charset=utf-8" />
  <meta name='ocr-system' content='tesseract 3.04.00' />
  <meta name='ocr-capabilities' content='ocr_page ocr_carea ocr_par ocr_line ocrx_word'/>
</head>
<body>
  <div class='ocr_page' id='page_1' title='image "./derationequaees00deegoog_0020.png"; bbox 0 0 3082 4988; ppageno 0'>
   <div class='ocr_carea' id='block_1_1' title="bbox 716 381 759 449">
    <p class='ocr_par' dir='ltr' id='par_1_1' title="bbox 716 381 759 449">
     <span class='ocr_line' id='line_1_1' title="bbox 716 381 759 449; baseline 0.023 -1"><span class='ocrx_word' id='word_1_1' title='bbox 716 381 759 449; x_wconf 84' lang='lat'>15</span> 
     </span>
    </p>
   </div>
   <div class='ocr_carea' id='block_1_2' title="bbox 93 568 1327 3492">
    <p class='ocr_par' dir='ltr' id='par_1_2' title="bbox 93 568 1327 2592">
     <span class='ocr_line' id='line_1_2' title="bbox 145 568 1327 667; baseline 0.001 -25"><span class='ocrx_word' id='word_1_2' title='bbox 145 569 272 667; x_wconf 89' lang='lat' dir='ltr'>quibus</span> <span class='ocrx_word' id='word_1_3' title='bbox 307 569 424 642; x_wconf 87' lang='lat' dir='ltr'>omnis</span> <span class='ocrx_word' id='word_1_4' title='bbox 456 568 522 642; x_wconf 92' lang='lat' dir='ltr'>sibi</span> <span class='ocrx_word' id='word_1_5' title='bbox 554 568 817 666; x_wconf 83' lang='lat' dir='ltr'>responderent,</span> <span class='ocrx_word' id='word_1_6' title='bbox 850 568 956 640; x_wconf 90' lang='lat' dir='ltr'>altera</span> <span class='ocrx_word' id='word_1_7' title='bbox 980 575 1067 640; x_wconf 91' lang='lat' dir='ltr'>esset</span> <span class='ocrx_word' id='word_1_8' title='bbox 1092 568 1196 658; x_wconf 81' lang='lat' dir='ltr'>seris,</span> <span class='ocrx_word' id='word_1_9' title='bbox 1222 570 1327 644; x_wconf 88' lang='lat' dir='ltr'>altera</span> 
     </span>
     <span class='ocr_line' id='line_1_3' title="bbox 143 696 1326 796; baseline 0.003 -26"><span class='ocrx_word' id='word_1_10' title='bbox 143 696 300 771; x_wconf 80' lang='lat' dir='ltr'>iocosa?&#39;&#39;</span> <span class='ocrx_word' id='word_1_11' title='bbox 327 696 444 769; x_wconf 92' lang='lat' dir='ltr'>Photii</span> <span class='ocrx_word' id='word_1_12' title='bbox 468 703 586 770; x_wconf 89' lang='lat' dir='ltr'>autem</span> <span class='ocrx_word' id='word_1_13' title='bbox 606 696 795 785; x_wconf 84' lang='lat' dir='ltr'>conclusis,</span> <span class='ocrx_word' id='word_1_14' title='bbox 816 696 1012 770; x_wconf 87' lang='lat' dir='ltr'>Lucianum</span> <span class='ocrx_word' id='word_1_15' title='bbox 1031 697 1246 796; x_wconf 83' lang='lat' dir='ltr'>descripsisse</span> <span class='ocrx_word' id='word_1_16' title='bbox 1258 699 1326 773; x_wconf 87' lang='lat' dir='ltr'>Lu·</span> 
     </span>
     <span class='ocr_line' id='line_1_4' title="bbox 141 825 1327 913; baseline 0.003 -15"><span class='ocrx_word' id='word_1_17' title='bbox 141 826 235 899; x_wconf 90' lang='lat' dir='ltr'>cium</span> <span class='ocrx_word' id='word_1_18' title='bbox 256 826 455 899; x_wconf 89' lang='lat' dir='ltr'>Patrensem</span> <span class='ocrx_word' id='word_1_19' title='bbox 477 825 568 897; x_wconf 88' lang='lat' dir='ltr'>etin</span> <span class='ocrx_word' id='word_1_20' title='bbox 590 826 750 898; x_wconf 89' lang='lat' dir='ltr'>artiorem</span> <span class='ocrx_word' id='word_1_21' title='bbox 762 825 909 898; x_wconf 89' lang='lat' dir='ltr'>formam</span> <span class='ocrx_word' id='word_1_22' title='bbox 922 825 1150 913; x_wconf 89' lang='lat' dir='ltr'>restrinxisse,</span> <span class='ocrx_word' id='word_1_23' title='bbox 1165 827 1327 901; x_wconf 85' lang='lat' dir='ltr'>Ocuriero</span> 
     </span>
     <span class='ocr_line' id='line_1_5' title="bbox 140 952 1327 1056; baseline 0.001 -29"><span class='ocrx_word' id='word_1_24' title='bbox 140 980 210 1027; x_wconf 93' lang='lat' dir='ltr'>non</span> <span class='ocrx_word' id='word_1_25' title='bbox 243 954 373 1043; x_wconf 80' lang='lat' dir='ltr'><strong>arrisit,</strong></span> <span class='ocrx_word' id='word_1_26' title='bbox 399 952 461 1050; x_wconf 91' lang='lat' dir='ltr'>qui</span> <span class='ocrx_word' id='word_1_27' title='bbox 486 979 567 1027; x_wconf 91' lang='lat' dir='ltr'>cum</span> <span class='ocrx_word' id='word_1_28' title='bbox 587 952 783 1056; x_wconf 83' lang='lat' dir='ltr'>Wielandio</span> <span class='ocrx_word' id='word_1_29' title='bbox 804 953 929 1025; x_wconf 89' lang='lat' dir='ltr'>sentiat</span> <span class='ocrx_word' id='word_1_30' title='bbox 940 952 1096 1026; x_wconf 88' lang='lat' dir='ltr'>fabulam</span> <span class='ocrx_word' id='word_1_31' title='bbox 1108 954 1173 1027; x_wconf 93' lang='lat' dir='ltr'>sub</span> <span class='ocrx_word' id='word_1_32' title='bbox 1185 956 1327 1028; x_wconf 89' lang='lat' dir='ltr'>nomine</span> 
     </span>
     <span class='ocr_line' id='line_1_6' title="bbox 139 1080 1326 1179; baseline 0.002 -25"><span class='ocrx_word' id='word_1_33' title='bbox 139 1081 286 1156; x_wconf 88' lang='lat' dir='ltr'>Luciani</span> <span class='ocrx_word' id='word_1_34' title='bbox 312 1091 431 1156; x_wconf 88' lang='lat' dir='ltr'>notam</span> <span class='ocrx_word' id='word_1_35' title='bbox 452 1082 683 1179; x_wconf 79' lang='lat' dir='ltr'>antiquiorem</span> <span class='ocrx_word' id='word_1_36' title='bbox 707 1106 788 1155; x_wconf 89' lang='lat' dir='ltr'>esse.</span> <span class='ocrx_word' id='word_1_37' title='bbox 811 1080 963 1153; x_wconf 87' lang='lat' dir='ltr'>Diversis</span> <span class='ocrx_word' id='word_1_38' title='bbox 983 1090 1100 1154; x_wconf 86' lang='lat' dir='ltr'>tamen</span> <span class='ocrx_word' id='word_1_39' title='bbox 1113 1084 1326 1179; x_wconf 84' lang='lat' dir='ltr'>argumentis</span> 
     </span>
     <span class='ocr_line' id='line_1_7' title="bbox 140 1208 1325 1305; baseline 0.002 -22"><span class='ocrx_word' id='word_1_40' title='bbox 140 1211 230 1285; x_wconf 85' lang='lat' dir='ltr'>hanc</span> <span class='ocrx_word' id='word_1_41' title='bbox 252 1213 483 1285; x_wconf 89' lang='lat' dir='ltr'>coniecturam</span> <span class='ocrx_word' id='word_1_42' title='bbox 507 1211 644 1283; x_wconf 91' lang='lat' dir='ltr'>firmare</span> <span class='ocrx_word' id='word_1_43' title='bbox 664 1217 849 1297; x_wconf 89' lang='lat' dir='ltr'>conantur,</span> <span class='ocrx_word' id='word_1_44' title='bbox 872 1234 983 1305; x_wconf 92' lang='lat' dir='ltr'>quum</span> <span class='ocrx_word' id='word_1_45' title='bbox 996 1208 1159 1282; x_wconf 89' lang='lat' dir='ltr'>Wieland</span> <span class='ocrx_word' id='word_1_46' title='bbox 1170 1210 1325 1285; x_wconf 86' lang='lat' dir='ltr'>fabulam</span> 
     </span>
     <span class='ocr_line' id='line_1_8' title="bbox 141 1337 1324 1440; baseline -0.002 -26"><span class='ocrx_word' id='word_1_47' title='bbox 141 1341 293 1440; x_wconf 92' lang='lat' dir='ltr'>primum</span> <span class='ocrx_word' id='word_1_48' title='bbox 314 1367 334 1415; x_wconf 90' lang='lat' dir='ltr'>a</span> <span class='ocrx_word' id='word_1_49' title='bbox 354 1340 507 1414; x_wconf 83' lang='lat' dir='ltr'>Lucieno</span> <span class='ocrx_word' id='word_1_50' title='bbox 531 1339 758 1437; x_wconf 84' lang='lat' dir='ltr'>compositam</span> <span class='ocrx_word' id='word_1_51' title='bbox 778 1363 848 1410; x_wconf 88' lang='lat' dir='ltr'>csse</span> <span class='ocrx_word' id='word_1_52' title='bbox 861 1337 1049 1410; x_wconf 89' lang='lat' dir='ltr'>contendat</span> <span class='ocrx_word' id='word_1_53' title='bbox 1061 1337 1143 1429; x_wconf 88' lang='lat' dir='ltr'>(vid.</span> <span class='ocrx_word' id='word_1_54' title='bbox 1158 1363 1236 1437; x_wconf 85' lang='lat' dir='ltr'>pag.</span> <span class='ocrx_word' id='word_1_55' title='bbox 1253 1345 1324 1432; x_wconf 74' lang='lat'><strong>14),</strong></span> 
     </span>
     <span class='ocr_line' id='line_1_9' title="bbox 139 1465 1325 1562; baseline -0.001 -19"><span class='ocrx_word' id='word_1_56' title='bbox 139 1471 280 1544; x_wconf 81' lang='lat' dir='ltr'>Gourier</span> <span class='ocrx_word' id='word_1_57' title='bbox 297 1495 376 1542; x_wconf 89' lang='lat' dir='ltr'>vero</span> <span class='ocrx_word' id='word_1_58' title='bbox 398 1469 597 1542; x_wconf 89' lang='lat' dir='ltr'>Patrensem</span> <span class='ocrx_word' id='word_1_59' title='bbox 614 1475 790 1540; x_wconf 89' lang='lat' dir='ltr'>auctorem</span> <span class='ocrx_word' id='word_1_60' title='bbox 803 1465 994 1556; x_wconf 86' lang='lat' dir='ltr'>existimet,</span> <span class='ocrx_word' id='word_1_61' title='bbox 1008 1465 1070 1562; x_wconf 92' lang='lat' dir='ltr'>qui</span> <span class='ocrx_word' id='word_1_62' title='bbox 1082 1474 1200 1562; x_wconf 90' lang='lat' dir='ltr'>postea</span> <span class='ocrx_word' id='word_1_63' title='bbox 1213 1493 1325 1543; x_wconf 89' lang='lat' dir='ltr'>senec·</span> 
     </span>
     <span class='ocr_line' id='line_1_10' title="bbox 137 1595 1324 1696; baseline 0 -25"><span class='ocrx_word' id='word_1_64' title='bbox 137 1607 213 1673; x_wconf 88' lang='lat' dir='ltr'>tute</span> <span class='ocrx_word' id='word_1_65' title='bbox 246 1598 419 1671; x_wconf 84' lang='lat' dir='ltr'>confectus</span> <span class='ocrx_word' id='word_1_66' title='bbox 454 1597 590 1686; x_wconf 89' lang='lat' dir='ltr'>„Musis</span> <span class='ocrx_word' id='word_1_67' title='bbox 614 1595 768 1668; x_wconf 86' lang='lat' dir='ltr'>infestis&#39;&#39;</span> <span class='ocrx_word' id='word_1_68' title='bbox 795 1620 881 1693; x_wconf 92' lang='lat' dir='ltr'>opus</span> <span class='ocrx_word' id='word_1_69' title='bbox 906 1618 1010 1668; x_wconf 90' lang='lat' dir='ltr'>suum</span> <span class='ocrx_word' id='word_1_70' title='bbox 1035 1595 1171 1690; x_wconf 86' lang='lat' dir='ltr'>elegans</span> <span class='ocrx_word' id='word_1_71' title='bbox 1197 1596 1324 1696; x_wconf 90' lang='lat' dir='ltr'>ineptis</span> 
     </span>
     <span class='ocr_line' id='line_1_11' title="bbox 93 1722 1322 1823; baseline 0.001 -25"><span class='ocrx_word' id='word_1_72' title='bbox 93 1760 95 1765; x_wconf 52' lang='lat'><strong><em>¹</em></strong></span> <span class='ocrx_word' id='word_1_73' title='bbox 137 1726 383 1799; x_wconf 87' lang='lat' dir='ltr'>additamentis</span> <span class='ocrx_word' id='word_1_74' title='bbox 419 1724 687 1823; x_wconf 91' lang='lat' dir='ltr'>amplificaverit.</span> <span class='ocrx_word' id='word_1_75' title='bbox 725 1722 941 1796; x_wconf 88' lang='lat' dir='ltr'>Patriarchae</span> <span class='ocrx_word' id='word_1_76' title='bbox 973 1731 1091 1795; x_wconf 87' lang='lat' dir='ltr'>autem</span> <span class='ocrx_word' id='word_1_77' title='bbox 1124 1725 1322 1822; x_wconf 88' lang='lat' dir='ltr'>opinionem</span> 
     </span>
     <span class='ocr_line' id='line_1_12' title="bbox 137 1852 1323 1951; baseline 0 -25"><span class='ocrx_word' id='word_1_78' title='bbox 137 1854 286 1927; x_wconf 89' lang='lat' dir='ltr'>Asinum</span> <span class='ocrx_word' id='word_1_79' title='bbox 312 1853 545 1927; x_wconf 83' lang='lat' dir='ltr'>*Luciancum</span> <span class='ocrx_word' id='word_1_80' title='bbox 570 1853 687 1951; x_wconf 92' lang='lat' dir='ltr'>potius</span> <span class='ocrx_word' id='word_1_81' title='bbox 707 1853 881 1951; x_wconf 89' lang='lat' dir='ltr'>epitomen</span> <span class='ocrx_word' id='word_1_82' title='bbox 902 1877 972 1924; x_wconf 90' lang='lat' dir='ltr'>esse</span> <span class='ocrx_word' id='word_1_83' title='bbox 994 1852 1162 1925; x_wconf 89' lang='lat' dir='ltr'>censentis</span> <span class='ocrx_word' id='word_1_84' title='bbox 1182 1853 1323 1950; x_wconf 89' lang='lat' dir='ltr'>longea</span> 
     </span>
     <span class='ocr_line' id='line_1_13' title="bbox 136 1979 1321 2078; baseline -0.001 -23"><span class='ocrx_word' id='word_1_85' title='bbox 136 2007 171 2054; x_wconf 89' lang='lat' dir='ltr'>se</span> <span class='ocrx_word' id='word_1_86' title='bbox 196 1981 294 2055; x_wconf 91' lang='lat' dir='ltr'>reicit</span> <span class='ocrx_word' id='word_1_87' title='bbox 314 1982 473 2071; x_wconf 85' lang='lat' dir='ltr'>Couricr,</span> <span class='ocrx_word' id='word_1_88' title='bbox 499 1981 652 2055; x_wconf 88' lang='lat' dir='ltr'>Luciano</span> <span class='ocrx_word' id='word_1_89' title='bbox 675 1981 768 2053; x_wconf 90' lang='lat' dir='ltr'>enim</span> <span class='ocrx_word' id='word_1_90' title='bbox 795 1981 899 2053; x_wconf 91' lang='lat' dir='ltr'>moris</span> <span class='ocrx_word' id='word_1_91' title='bbox 918 2005 988 2052; x_wconf 92' lang='lat' dir='ltr'>non</span> <span class='ocrx_word' id='word_1_92' title='bbox 1009 1979 1113 2052; x_wconf 89' lang='lat' dir='ltr'>fuisse</span> <span class='ocrx_word' id='word_1_93' title='bbox 1133 1980 1321 2078; x_wconf 91' lang='lat' dir='ltr'>quicquam</span> 
     </span>
     <span class='ocr_line' id='line_1_14' title="bbox 134 2107 1322 2208; baseline 0.001 -27"><span class='ocrx_word' id='word_1_94' title='bbox 134 2134 300 2198; x_wconf 89' lang='lat' dir='ltr'>resecare,</span> <span class='ocrx_word' id='word_1_95' title='bbox 335 2111 465 2208; x_wconf 90' lang='lat' dir='ltr'>quippe</span> <span class='ocrx_word' id='word_1_96' title='bbox 494 2110 556 2208; x_wconf 92' lang='lat' dir='ltr'>qui</span> <span class='ocrx_word' id='word_1_97' title='bbox 582 2134 715 2207; x_wconf 89' lang='lat' dir='ltr'>semper</span> <span class='ocrx_word' id='word_1_98' title='bbox 740 2108 966 2205; x_wconf 89' lang='lat' dir='ltr'>amplificaret</span> <span class='ocrx_word' id='word_1_99' title='bbox 990 2116 1025 2180; x_wconf 88' lang='lat' dir='ltr'>et</span> <span class='ocrx_word' id='word_1_100' title='bbox 1044 2107 1087 2179; x_wconf 87' lang='lat' dir='ltr'>de</span> <span class='ocrx_word' id='word_1_101' title='bbox 1107 2133 1168 2180; x_wconf 89' lang='lat' dir='ltr'>suo</span> <span class='ocrx_word' id='word_1_102' title='bbox 1189 2109 1322 2206; x_wconf 89' lang='lat' dir='ltr'>aliquid</span> 
     </span>
     <span class='ocr_line' id='line_1_15' title="bbox 134 2236 1321 2336; baseline 0 -26"><span class='ocrx_word' id='word_1_103' title='bbox 134 2239 292 2326; x_wconf 90' lang='lat' dir='ltr'>adderet;</span> <span class='ocrx_word' id='word_1_104' title='bbox 329 2264 442 2336; x_wconf 88' lang='lat' dir='ltr'>neque</span> <span class='ocrx_word' id='word_1_105' title='bbox 477 2263 644 2335; x_wconf 89' lang='lat' dir='ltr'>umquam</span> <span class='ocrx_word' id='word_1_106' title='bbox 677 2237 837 2333; x_wconf 92' lang='lat' dir='ltr'>antiquos</span> <span class='ocrx_word' id='word_1_107' title='bbox 862 2236 1041 2333; x_wconf 90' lang='lat' dir='ltr'>scriptores</span> <span class='ocrx_word' id='word_1_108' title='bbox 1066 2237 1190 2334; x_wconf 90' lang='lat' dir='ltr'>scripta</span> <span class='ocrx_word' id='word_1_109' title='bbox 1211 2236 1321 2310; x_wconf 89' lang='lat' dir='ltr'>aliena</span> 
     </span>
     <span class='ocr_line' id='line_1_16' title="bbox 133 2364 1320 2466; baseline -0.001 -27"><span class='ocrx_word' id='word_1_110' title='bbox 133 2393 310 2466; x_wconf 84' lang='lat' dir='ltr'>excerpere</span> <span class='ocrx_word' id='word_1_111' title='bbox 342 2367 458 2440; x_wconf 88' lang='lat' dir='ltr'>solitos</span> <span class='ocrx_word' id='word_1_112' title='bbox 489 2367 594 2441; x_wconf 87' lang='lat' dir='ltr'>fuisse</span> <span class='ocrx_word' id='word_1_113' title='bbox 626 2366 692 2438; x_wconf 91' lang='lat' dir='ltr'>nisi</span> <span class='ocrx_word' id='word_1_114' title='bbox 721 2365 898 2452; x_wconf 84' lang='lat' dir='ltr'>historica3</span> <span class='ocrx_word' id='word_1_115' title='bbox 926 2364 1019 2437; x_wconf 92' lang='lat' dir='ltr'>hunc</span> <span class='ocrx_word' id='word_1_116' title='bbox 1044 2373 1162 2437; x_wconf 90' lang='lat' dir='ltr'>autem</span> <span class='ocrx_word' id='word_1_117' title='bbox 1189 2391 1320 2438; x_wconf 89' lang='lat' dir='ltr'>morem</span> 
     </span>
     <span class='ocr_line' id='line_1_17' title="bbox 134 2492 1244 2592; baseline 0.003 -27"><span class='ocrx_word' id='word_1_118' title='bbox 134 2493 402 2591; x_wconf 81' lang='lat' dir='ltr'>Byzantinorum</span> <span class='ocrx_word' id='word_1_119' title='bbox 430 2495 573 2568; x_wconf 93' lang='lat' dir='ltr'>demum</span> <span class='ocrx_word' id='word_1_120' title='bbox 599 2494 847 2592; x_wconf 88' lang='lat' dir='ltr'>imperatorum</span> <span class='ocrx_word' id='word_1_121' title='bbox 873 2500 1027 2591; x_wconf 90' lang='lat' dir='ltr'>tempore</span> <span class='ocrx_word' id='word_1_122' title='bbox 1051 2492 1244 2568; x_wconf 90' lang='lat' dir='ltr'>invaluisse.</span> 
     </span>
    </p>

    <p class='ocr_par' dir='ltr' id='par_1_3' title="bbox 129 2621 1318 2977">
     <span class='ocr_line' id='line_1_18' title="bbox 182 2621 1318 2721; baseline 0 -25"><span class='ocrx_word' id='word_1_123' title='bbox 182 2622 277 2697; x_wconf 89' lang='lat' dir='ltr'>Haec</span> <span class='ocrx_word' id='word_1_124' title='bbox 309 2624 378 2697; x_wconf 85' lang='lat' dir='ltr'>fere</span> <span class='ocrx_word' id='word_1_125' title='bbox 413 2633 495 2697; x_wconf 90' lang='lat' dir='ltr'>sunt</span> <span class='ocrx_word' id='word_1_126' title='bbox 519 2623 648 2721; x_wconf 91' lang='lat' dir='ltr'>quibus</span> <span class='ocrx_word' id='word_1_127' title='bbox 673 2622 815 2695; x_wconf 83' lang='lat' dir='ltr'>Oourier</span> <span class='ocrx_word' id='word_1_128' title='bbox 839 2621 943 2694; x_wconf 88' lang='lat' dir='ltr'>verba</span> <span class='ocrx_word' id='word_1_129' title='bbox 969 2621 1085 2694; x_wconf 91' lang='lat' dir='ltr'>Photii</span> <span class='ocrx_word' id='word_1_130' title='bbox 1112 2622 1318 2720; x_wconf 88' lang='lat' dir='ltr'>impugnat,</span> 
     </span>
     <span class='ocr_line' id='line_1_19' title="bbox 131 2748 1318 2850; baseline 0.001 -27"><span class='ocrx_word' id='word_1_131' title='bbox 131 2776 236 2848; x_wconf 91' lang='lat' dir='ltr'>quem</span> <span class='ocrx_word' id='word_1_132' title='bbox 270 2751 395 2825; x_wconf 88' lang='lat' dir='ltr'>deinde</span> <span class='ocrx_word' id='word_1_133' title='bbox 421 2751 656 2850; x_wconf 89' lang='lat' dir='ltr'>disputatione</span> <span class='ocrx_word' id='word_1_134' title='bbox 680 2751 761 2823; x_wconf 92' lang='lat' dir='ltr'>satis</span> <span class='ocrx_word' id='word_1_135' title='bbox 786 2748 901 2848; x_wconf 89' lang='lat' dir='ltr'>lepida</span> <span class='ocrx_word' id='word_1_136' title='bbox 926 2758 961 2822; x_wconf 89' lang='lat' dir='ltr'>et</span> <span class='ocrx_word' id='word_1_137' title='bbox 986 2749 1094 2821; x_wconf 84' lang='lat' dir='ltr'>faceta</span> <span class='ocrx_word' id='word_1_138' title='bbox 1120 2749 1248 2823; x_wconf 90' lang='lat' dir='ltr'>nimiae</span> <span class='ocrx_word' id='word_1_139' title='bbox 1273 2752 1318 2824; x_wconf 90' lang='lat' dir='ltr'>le·</span> 
     </span>
     <span class='ocr_line' id='line_1_20' title="bbox 129 2878 984 2977; baseline 0.001 -26"><span class='ocrx_word' id='word_1_140' title='bbox 129 2879 245 2952; x_wconf 87' lang='lat' dir='ltr'>vitatis</span> <span class='ocrx_word' id='word_1_141' title='bbox 271 2890 306 2953; x_wconf 87' lang='lat' dir='ltr'>ct</span> <span class='ocrx_word' id='word_1_142' title='bbox 330 2880 561 2977; x_wconf 85' lang='lat' dir='ltr'>negligentiae</span> <span class='ocrx_word' id='word_1_143' title='bbox 585 2879 622 2951; x_wconf 91' lang='lat' dir='ltr'>in</span> <span class='ocrx_word' id='word_1_144' title='bbox 647 2878 834 2951; x_wconf 91' lang='lat' dir='ltr'>iudicando</span> <span class='ocrx_word' id='word_1_145' title='bbox 860 2878 984 2974; x_wconf 89' lang='lat' dir='ltr'>arguit.</span> 
     </span>
    </p>

    <p class='ocr_par' dir='ltr' id='par_1_4' title="bbox 127 3006 1319 3492">
     <span class='ocr_line' id='line_1_21' title="bbox 178 3006 1315 3104; baseline 0.002 -24"><span class='ocrx_word' id='word_1_146' title='bbox 178 3008 254 3080; x_wconf 81' lang='lat' dir='ltr'>llt&#39;si</span> <span class='ocrx_word' id='word_1_147' title='bbox 285 3018 403 3082; x_wconf 88' lang='lat' dir='ltr'>autem</span> <span class='ocrx_word' id='word_1_148' title='bbox 428 3033 499 3081; x_wconf 89' lang='lat' dir='ltr'>non</span> <span class='ocrx_word' id='word_1_149' title='bbox 525 3033 650 3081; x_wconf 87' lang='lat' dir='ltr'>errasse</span> <span class='ocrx_word' id='word_1_150' title='bbox 678 3006 765 3078; x_wconf 92' lang='lat' dir='ltr'>mihi</span> <span class='ocrx_word' id='word_1_151' title='bbox 790 3007 927 3079; x_wconf 89' lang='lat' dir='ltr'>videtur</span> <span class='ocrx_word' id='word_1_152' title='bbox 951 3032 1082 3104; x_wconf 92' lang='lat' dir='ltr'>quum,</span> <span class='ocrx_word' id='word_1_153' title='bbox 1115 3007 1315 3104; x_wconf 82' lang='lat' dir='ltr'>Salmasii1)</span> 
     </span>
     <span class='ocr_line' id='line_1_22' title="bbox 128 3134 1319 3235; baseline 0.001 -27"><span class='ocrx_word' id='word_1_154' title='bbox 128 3138 326 3235; x_wconf 82' lang='lat' dir='ltr'>exemplum</span> <span class='ocrx_word' id='word_1_155' title='bbox 360 3145 517 3225; x_wconf 88' lang='lat' dir='ltr'>secutus,</span> <span class='ocrx_word' id='word_1_156' title='bbox 552 3143 717 3208; x_wconf 89' lang='lat' dir='ltr'>statueret</span> <span class='ocrx_word' id='word_1_157' title='bbox 748 3157 789 3205; x_wconf 87' lang='lat' dir='ltr'>ex</span> <span class='ocrx_word' id='word_1_158' title='bbox 814 3134 987 3207; x_wconf 89' lang='lat' dir='ltr'>Patrensis</span> <span class='ocrx_word' id='word_1_159' title='bbox 1012 3135 1206 3208; x_wconf 89' lang='lat' dir='ltr'>narratione</span> <span class='ocrx_word' id='word_1_160' title='bbox 1232 3161 1319 3234; x_wconf 92' lang='lat' dir='ltr'>opus</span> 
     </span>
     <span class='ocr_line' id='line_1_23' title="bbox 128 3261 1316 3363; baseline 0.001 -27"><span class='ocrx_word' id='word_1_161' title='bbox 128 3265 256 3363; x_wconf 87' lang='lat' dir='ltr'>Apulei</span> <span class='ocrx_word' id='word_1_162' title='bbox 288 3265 444 3353; x_wconf 86' lang='lat' dir='ltr'>fluxisse,</span> <span class='ocrx_word' id='word_1_163' title='bbox 478 3273 597 3337; x_wconf 89' lang='lat' dir='ltr'>tamen</span> <span class='ocrx_word' id='word_1_164' title='bbox 624 3288 737 3361; x_wconf 89' lang='lat' dir='ltr'>neque</span> <span class='ocrx_word' id='word_1_165' title='bbox 760 3263 833 3360; x_wconf 93' lang='lat' dir='ltr'>ipse</span> <span class='ocrx_word' id='word_1_166' title='bbox 859 3261 1020 3352; x_wconf 85' lang='lat' dir='ltr'>Courier,</span> <span class='ocrx_word' id='word_1_167' title='bbox 1050 3288 1164 3360; x_wconf 89' lang='lat' dir='ltr'>neque</span> <span class='ocrx_word' id='word_1_168' title='bbox 1190 3263 1316 3337; x_wconf 90' lang='lat' dir='ltr'>Hilde-</span> 
     </span>
     <span class='ocr_line' id='line_1_24' title="bbox 127 3391 1318 3492; baseline 0 -26"><span class='ocrx_word' id='word_1_169' title='bbox 127 3393 238 3466; x_wconf 91' lang='lat' dir='ltr'>brand</span> <span class='ocrx_word' id='word_1_170' title='bbox 253 3397 303 3484; x_wconf 88' lang='lat'>²),</span> <span class='ocrx_word' id='word_1_171' title='bbox 342 3394 405 3492; x_wconf 94' lang='lat' dir='ltr'>qui</span> <span class='ocrx_word' id='word_1_172' title='bbox 445 3402 563 3491; x_wconf 89' lang='lat' dir='ltr'>postea</span> <span class='ocrx_word' id='word_1_173' title='bbox 601 3392 722 3464; x_wconf 90' lang='lat' dir='ltr'>eodem</span> <span class='ocrx_word' id='word_1_174' title='bbox 756 3391 930 3488; x_wconf 89' lang='lat' dir='ltr'>pervenit,</span> <span class='ocrx_word' id='word_1_175' title='bbox 967 3394 1078 3465; x_wconf 86' lang='lat' dir='ltr'>multa</span> <span class='ocrx_word' id='word_1_176' title='bbox 1111 3402 1318 3488; x_wconf 90' lang='lat' dir='ltr'>argumenta</span> 
     </span>
    </p>
   </div>
   <div class='ocr_carea' id='block_1_3' title="bbox 126 3523 280 3619">
    <p class='ocr_par' dir='ltr' id='par_1_5' title="bbox 126 3510 280 3619">
     <span class='ocr_line' id='line_1_25' title="bbox 126 3523 280 3619; baseline 0.006 -25"><span class='ocrx_word' id='word_1_177' title='bbox 126 3523 280 3619; x_wconf 91' lang='lat' dir='ltr'>protulit.</span> 
     </span>
    </p>
   </div>
   <div class='ocr_carea' id='block_1_4' title="bbox 121 3728 1315 4432">
    <p class='ocr_par' dir='ltr' id='par_1_6' title="bbox 123 3728 1315 4074">
     <span class='ocr_line' id='line_1_26' title="bbox 164 3728 1315 3804; baseline 0.004 -23"><span class='ocrx_word' id='word_1_178' title='bbox 164 3728 192 3802; x_wconf 89' lang='lat'>1)</span> <span class='ocrx_word' id='word_1_179' title='bbox 222 3732 305 3784; x_wconf 86' lang='lat' dir='ltr'>Sulm.</span> <span class='ocrx_word' id='word_1_180' title='bbox 334 3733 437 3803; x_wconf 80' lang='lat' dir='ltr'>Prolep.</span> <span class='ocrx_word' id='word_1_181' title='bbox 463 3735 500 3786; x_wconf 88' lang='lat' dir='ltr'>ad</span> <span class='ocrx_word' id='word_1_182' title='bbox 525 3734 643 3794; x_wconf 75' lang='lat' dir='ltr'>Solinum</span> <span class='ocrx_word' id='word_1_183' title='bbox 668 3730 793 3804; x_wconf 87' lang='lat' dir='ltr'>(Parisiis</span> <span class='ocrx_word' id='word_1_184' title='bbox 814 3753 859 3804; x_wconf 86' lang='lat' dir='ltr'>ap.</span> <span class='ocrx_word' id='word_1_185' title='bbox 880 3735 992 3789; x_wconf 87' lang='lat' dir='ltr'>Hieron.</span> <span class='ocrx_word' id='word_1_186' title='bbox 1014 3735 1162 3804; x_wconf 86' lang='lat' dir='ltr'>Drouart):</span> <span class='ocrx_word' id='word_1_187' title='bbox 1184 3733 1315 3788; x_wconf 77' lang='lat' dir='ltr'>»videtur</span> 
     </span>
     <span class='ocr_line' id='line_1_27' title="bbox 124 3821 1315 3894; baseline 0.004 -21"><span class='ocrx_word' id='word_1_188' title='bbox 124 3822 219 3874; x_wconf 86' lang='lat' dir='ltr'>autem</span> <span class='ocrx_word' id='word_1_189' title='bbox 241 3821 375 3890; x_wconf 89' lang='lat' dir='ltr'>Apuleius</span> <span class='ocrx_word' id='word_1_190' title='bbox 395 3840 450 3877; x_wconf 92' lang='lat' dir='ltr'>non</span> <span class='ocrx_word' id='word_1_191' title='bbox 470 3839 503 3877; x_wconf 83' lang='lat' dir='ltr'>ea</span> <span class='ocrx_word' id='word_1_192' title='bbox 522 3825 634 3877; x_wconf 86' lang='lat' dir='ltr'>tantum</span> <span class='ocrx_word' id='word_1_193' title='bbox 652 3839 723 3890; x_wconf 86' lang='lat' dir='ltr'>quae</span> <span class='ocrx_word' id='word_1_194' title='bbox 740 3823 840 3878; x_wconf 83' lang='lat' dir='ltr'>Lucius</span> <span class='ocrx_word' id='word_1_195' title='bbox 859 3825 892 3879; x_wconf 88' lang='lat' dir='ltr'>de</span> <span class='ocrx_word' id='word_1_196' title='bbox 911 3825 988 3879; x_wconf 87' lang='lat' dir='ltr'>Asini</span> <span class='ocrx_word' id='word_1_197' title='bbox 1000 3823 1315 3894; x_wconf 87' lang='lat' dir='ltr'>Metamorphosipecu-</span> 
     </span>
     <span class='ocr_line' id='line_1_28' title="bbox 123 3908 1312 3984; baseline 0.005 -22"><span class='ocrx_word' id='word_1_198' title='bbox 123 3908 233 3964; x_wconf 86' lang='lat' dir='ltr'>liariter</span> <span class='ocrx_word' id='word_1_199' title='bbox 253 3911 452 3982; x_wconf 84' lang='lat' dir='ltr'>perscripserat</span> <span class='ocrx_word' id='word_1_200' title='bbox 471 3911 571 3967; x_wconf 85' lang='lat' dir='ltr'>Latino</span> <span class='ocrx_word' id='word_1_201' title='bbox 591 3928 716 3965; x_wconf 88' lang='lat' dir='ltr'>sermone</span> <span class='ocrx_word' id='word_1_202' title='bbox 737 3929 869 3968; x_wconf 84' lang='lat' dir='ltr'>conversa</span> <span class='ocrx_word' id='word_1_203' title='bbox 887 3913 916 3968; x_wconf 94' lang='lat' dir='ltr'>in</span> <span class='ocrx_word' id='word_1_204' title='bbox 936 3931 1006 3984; x_wconf 88' lang='lat' dir='ltr'>opus</span> <span class='ocrx_word' id='word_1_205' title='bbox 1023 3932 1101 3968; x_wconf 88' lang='lat' dir='ltr'>snum</span> <span class='ocrx_word' id='word_1_206' title='bbox 1122 3913 1312 3981; x_wconf 85' lang='lat' dir='ltr'>transtulisse,</span> 
     </span>
     <span class='ocr_line' id='line_1_29' title="bbox 123 3997 1207 4074; baseline 0.006 -23"><span class='ocrx_word' id='word_1_207' title='bbox 123 3998 171 4052; x_wconf 89' lang='lat' dir='ltr'>sed</span> <span class='ocrx_word' id='word_1_208' title='bbox 190 3999 284 4068; x_wconf 90' lang='lat' dir='ltr'>plnres</span> <span class='ocrx_word' id='word_1_209' title='bbox 304 4001 456 4056; x_wconf 87' lang='lat' dir='ltr'>intexuisse</span> <span class='ocrx_word' id='word_1_210' title='bbox 478 4002 587 4057; x_wconf 88' lang='lat' dir='ltr'>fabulas</span> <span class='ocrx_word' id='word_1_211' title='bbox 607 4018 641 4055; x_wconf 88' lang='lat' dir='ltr'>ex</span> <span class='ocrx_word' id='word_1_212' title='bbox 662 4000 725 4056; x_wconf 85' lang='lat' dir='ltr'>aliis</span> <span class='ocrx_word' id='word_1_213' title='bbox 745 4002 824 4056; x_wconf 87' lang='lat' dir='ltr'>Lucii</span> <span class='ocrx_word' id='word_1_214' title='bbox 844 4003 972 4073; x_wconf 88' lang='lat' dir='ltr'>operibus</span> <span class='ocrx_word' id='word_1_215' title='bbox 992 4003 1126 4074; x_wconf 83' lang='lat' dir='ltr'>petitas.”</span> <span class='ocrx_word' id='word_1_216' title='bbox 1205 3997 1207 4002; x_wconf 70' lang='grc'><strong>’</strong></span> 
     </span>
    </p>

    <p class='ocr_par' dir='ltr' id='par_1_7' title="bbox 121 4078 1315 4432">
     <span class='ocr_line' id='line_1_30' title="bbox 161 4078 1315 4162; baseline 0.004 -21"><span class='ocrx_word' id='word_1_217' title='bbox 161 4078 190 4161; x_wconf 80' lang='grc'>’2)</span> <span class='ocrx_word' id='word_1_218' title='bbox 216 4089 419 4158; x_wconf 70' lang='lat' dir='ltr'>Brinnianum),</span> <span class='ocrx_word' id='word_1_219' title='bbox 446 4093 480 4146; x_wconf 87' lang='lat' dir='ltr'>de</span> <span class='ocrx_word' id='word_1_220' title='bbox 506 4091 608 4161; x_wconf 87' lang='lat' dir='ltr'>Apulei</span> <span class='ocrx_word' id='word_1_221' title='bbox 635 4089 752 4160; x_wconf 87' lang='lat' dir='ltr'>Scriptis</span> <span class='ocrx_word' id='word_1_222' title='bbox 770 4091 797 4145; x_wconf 91' lang='lat' dir='ltr'>II</span> <span class='ocrx_word' id='word_1_223' title='bbox 817 4095 832 4162; x_wconf 64' lang='grc' dir='ltr'><strong>ξ</strong></span> <span class='ocrx_word' id='word_1_224' title='bbox 853 4094 884 4147; x_wconf 87' lang='lat'>3:</span> <span class='ocrx_word' id='word_1_225' title='bbox 906 4094 972 4148; x_wconf 82' lang='lat' dir='ltr'>»sed</span> <span class='ocrx_word' id='word_1_226' title='bbox 992 4110 1026 4148; x_wconf 86' lang='lat' dir='ltr'>ex</span> <span class='ocrx_word' id='word_1_227' title='bbox 1045 4093 1167 4148; x_wconf 87' lang='lat' dir='ltr'>Luciano</span> <span class='ocrx_word' id='word_1_228' title='bbox 1188 4096 1315 4161; x_wconf 88' lang='lat' dir='ltr'>repetere</span> 
     </span>
     <span class='ocr_line' id='line_1_31' title="bbox 122 4182 1313 4254; baseline 0.004 -22"><span class='ocrx_word' id='word_1_229' title='bbox 122 4196 172 4233; x_wconf 88' lang='lat' dir='ltr'>sna</span> <span class='ocrx_word' id='word_1_230' title='bbox 200 4197 256 4234; x_wconf 92' lang='lat' dir='ltr'>non</span> <span class='ocrx_word' id='word_1_231' title='bbox 284 4184 398 4250; x_wconf 88' lang='lat' dir='ltr'>poterat</span> <span class='ocrx_word' id='word_1_232' title='bbox 427 4183 578 4253; x_wconf 89' lang='lat' dir='ltr'>Apuleius,</span> <span class='ocrx_word' id='word_1_233' title='bbox 609 4199 695 4252; x_wconf 89' lang='lat' dir='ltr'>quum</span> <span class='ocrx_word' id='word_1_234' title='bbox 725 4185 788 4236; x_wconf 84' lang='lat' dir='ltr'>tota</span> <span class='ocrx_word' id='word_1_235' title='bbox 815 4184 951 4254; x_wconf 88' lang='lat' dir='ltr'>temporis</span> <span class='ocrx_word' id='word_1_236' title='bbox 978 4185 1051 4239; x_wconf 84' lang='lat' dir='ltr'>ratio</span> <span class='ocrx_word' id='word_1_237' title='bbox 1069 4184 1135 4238; x_wconf 88' lang='lat' dir='ltr'>huic</span> <span class='ocrx_word' id='word_1_238' title='bbox 1155 4182 1313 4237; x_wconf 87' lang='lat' dir='ltr'>sententiae</span> 
     </span>
     <span class='ocr_line' id='line_1_32' title="bbox 121 4270 1312 4342; baseline 0.005 -22"><span class='ocrx_word' id='word_1_239' title='bbox 121 4274 268 4338; x_wconf 81' lang='lat' dir='ltr'>repugnet.</span> <span class='ocrx_word' id='word_1_240' title='bbox 287 4271 369 4326; x_wconf 89' lang='lat' dir='ltr'>Prius</span> <span class='ocrx_word' id='word_1_241' title='bbox 388 4272 463 4326; x_wconf 88' lang='lat' dir='ltr'>enim</span> <span class='ocrx_word' id='word_1_242' title='bbox 483 4272 619 4342; x_wconf 88' lang='lat' dir='ltr'>Apuleio,</span> <span class='ocrx_word' id='word_1_243' title='bbox 639 4274 672 4327; x_wconf 91' lang='lat' dir='ltr'>ut</span> <span class='ocrx_word' id='word_1_244' title='bbox 691 4270 801 4326; x_wconf 84' lang='lat' dir='ltr'>Reiaius</span> <span class='ocrx_word' id='word_1_245' title='bbox 820 4273 853 4327; x_wconf 89' lang='lat' dir='ltr'>de</span> <span class='ocrx_word' id='word_1_246' title='bbox 874 4273 933 4328; x_wconf 83' lang='lat' dir='ltr'>vita</span> <span class='ocrx_word' id='word_1_247' title='bbox 949 4273 1064 4328; x_wconf 86' lang='lat' dir='ltr'>Lneiani</span> <span class='ocrx_word' id='word_1_248' title='bbox 1081 4273 1187 4326; x_wconf 87' lang='lat' dir='ltr'>dudum</span> <span class='ocrx_word' id='word_1_249' title='bbox 1199 4272 1312 4326; x_wconf 90' lang='lat' dir='ltr'>demon-</span> 
     </span>
     <span class='ocr_line' id='line_1_33' title="bbox 121 4358 1313 4432; baseline 0.005 -22"><span class='ocrx_word' id='word_1_250' title='bbox 121 4358 236 4425; x_wconf 84' lang='lat' dir='ltr'>stravit,</span> <span class='ocrx_word' id='word_1_251' title='bbox 262 4363 345 4415; x_wconf 87' lang='lat' dir='ltr'>natus</span> <span class='ocrx_word' id='word_1_252' title='bbox 365 4368 408 4416; x_wconf 86' lang='lat' dir='ltr'>est</span> <span class='ocrx_word' id='word_1_253' title='bbox 426 4362 564 4417; x_wconf 76' lang='lat' dir='ltr'>Lucienus</span> <span class='ocrx_word' id='word_1_254' title='bbox 584 4361 696 4416; x_wconf 85' lang='lat' dir='ltr'>circiter</span> <span class='ocrx_word' id='word_1_255' title='bbox 714 4378 818 4415; x_wconf 87' lang='lat' dir='ltr'>annum</span> <span class='ocrx_word' id='word_1_256' title='bbox 836 4363 893 4416; x_wconf 51' lang='lat'>¹120</span> <span class='ocrx_word' id='word_1_257' title='bbox 913 4382 942 4432; x_wconf 90' lang='lat' dir='ltr'>p.</span> <span class='ocrx_word' id='word_1_258' title='bbox 962 4363 1036 4430; x_wconf 68' lang='lat' dir='ltr'>chr„</span> <span class='ocrx_word' id='word_1_259' title='bbox 1057 4366 1090 4418; x_wconf 89' lang='lat' dir='ltr'>nt</span> <span class='ocrx_word' id='word_1_260' title='bbox 1110 4363 1168 4417; x_wconf 86' lang='lat' dir='ltr'>fero</span> <span class='ocrx_word' id='word_1_261' title='bbox 1188 4362 1313 4432; x_wconf 86' lang='lat' dir='ltr'>aequalis</span> 
     </span>
    </p>
   </div>
   <div class='ocr_carea' id='block_1_5' title="bbox 120 4448 1313 4523">
    <p class='ocr_par' dir='ltr' id='par_1_8' title="bbox 120 4448 1313 4523">
     <span class='ocr_line' id='line_1_34' title="bbox 120 4448 1313 4523; baseline 0.005 -23"><span class='ocrx_word' id='word_1_262' title='bbox 120 4448 206 4502; x_wconf 91' lang='lat' dir='ltr'>fuerit</span> <span class='ocrx_word' id='word_1_263' title='bbox 234 4449 361 4519; x_wconf 89' lang='lat' dir='ltr'>Apuleio.</span> <span class='ocrx_word' id='word_1_264' title='bbox 392 4453 434 4507; x_wconf 91' lang='lat' dir='ltr'>Ab</span> <span class='ocrx_word' id='word_1_265' title='bbox 459 4453 558 4507; x_wconf 85' lang='lat' dir='ltr'>iuvene</span> <span class='ocrx_word' id='word_1_266' title='bbox 583 4469 647 4507; x_wconf 86' lang='lat' dir='ltr'>vero</span> <span class='ocrx_word' id='word_1_267' title='bbox 669 4452 745 4506; x_wconf 86' lang='lat' dir='ltr'>intra</span> <span class='ocrx_word' id='word_1_268' title='bbox 767 4468 854 4506; x_wconf 85' lang='lat' dir='ltr'>annos</span> <span class='ocrx_word' id='word_1_269' title='bbox 875 4453 1021 4508; x_wconf 74' lang='lat'>151-157</span> <span class='ocrx_word' id='word_1_270' title='bbox 1045 4453 1234 4523; x_wconf 83' lang='lat' dir='ltr'>conscriptam</span> <span class='ocrx_word' id='word_1_271' title='bbox 1254 4469 1313 4507; x_wconf 89' lang='lat' dir='ltr'>esse</span> 
     </span>
    </p>
   </div>
   <div class='ocr_carea' id='block_1_6' title="bbox 0 0 1546 4988">
    <p class='ocr_par' dir='ltr' id='par_1_9' title="bbox 0 0 1546 4988">
     <span class='ocr_line' id='line_1_35' title="bbox 0 0 1546 4988; baseline 0 8"><span class='ocrx_word' id='word_1_272' title='bbox 0 0 1546 4988; x_wconf 95' lang='lat' dir='ltr'> </span> 
     </span>
    </p>
   </div>
  </div>
 </body>
</html>
