3082 4988
747 377 790 444 55

178 588 383 662 magnopere
417 561 562 635 offendit
598 563 692 661 quod
725 561 853 636 Lucius
885 564 943 636 ille
978 563 1289 652 „Madaurensem”
1323 589 1358 637 se

178 717 249 764 esse
280 691 374 766 dicit.
409 691 514 768 Quod
546 699 730 791 postquam
762 718 802 766 eo
834 693 938 765 modo
970 718 1040 790 quo
1069 717 1172 790 supra
1206 692 1357 765 diximus

178 822 344 921 explicare
368 828 511 895 conatus
536 829 603 911 θεῖ,
629 821 678 894 ita
704 821 939 920 prosequitur:
965 820 1158 918 „Apuleius
1183 821 1272 908 also,
1298 820 1358 893 das

177 951 291 1024 »lehrt
322 950 504 1023 besonders
539 950 693 1023 deutlich
714 950 810 1049 jenes
834 950 940 1023 kecke
966 950 1242 1038 Madaurensem,
1268 949 1359 1046 legte

179 1079 329 1152 »Werth
361 1079 499 1168 darauf,
532 1079 609 1170 dass
633 1103 715 1152 man
739 1078 837 1151 nicht
863 1079 1049 1166 verkenne‚
1074 1078 1139 1150 wie
1164 1078 1225 1151 der
1249 1077 1358 1151 durch

179 1208 391 1282 »besondere
417 1209 652 1305 thtergnadc
675 1233 718 1281 nu
743 1208 804 1280 der
828 1207 927 1281 Fiille
940 1207 1000 1280 der
1013 1206 1358 1308 Heilserfahurngm,

181 1361 272 1410 »von
294 1337 406 1410 denen
421 1337 482 1410 der
494 1337 632 1409 Schluss
646 1336 754 1409 seines
772 1335 910 1409 Werkes
923 1334 1092 1408 berichtet
1103 1395 1112 1423 ‚
1125 1336 1358 1432 rugelasscne‚

175 1466 297 1539 »nicht
317 1466 414 1564 jener
437 1465 613 1537 nunmehr
636 1464 740 1561 vollig
765 1463 957 1561 abgethane
985 1462 1109 1536 Lucius
1135 1463 1198 1552 sci,
1212 1463 1359 1552 sondern

176 1594 248 1665 »Er
273 1592 410 1668 selbst.''
436 1593 563 1668 Atvero
588 1593 696 1665 exiis
720 1617 809 1690 quae
833 1591 947 1665 adhuc
972 1591 1116 1665 disserui
1137 1591 1360 1689 satisliqucre

177 1721 334 1794 existimo
371 1722 486 1794 omnia
522 1721 582 1794 illa
619 1746 708 1819 quae
746 1746 787 1794 ex
824 1720 1149 1823 Metamorphoseon
1187 1719 1281 1792 libris
1315 1718 1360 1791 ad

176 1849 304 1949 Apulei
346 1849 453 1922 vitam
490 1849 681 1923 accuratius
713 1848 988 1945 investigandam
1021 1848 1084 1920 viri
1117 1847 1210 1920 docti
1242 1845 1360 1920 afferre

177 1977 305 2067 solent,
330 1978 399 2052 fide
423 1979 565 2051 omnino
590 2002 710 2052 carere.

225 2108 283 2181 Ad
308 2132 348 2179 ea
373 2132 462 2204 quae
487 2131 589 2205 supra
615 2107 926 2179 demonstravimus
951 2107 1082 2204 optime
1103 2106 1275 2203 quadrant
1295 2105 1361 2178 loci

175 2237 212 2310 in
238 2235 409 2335 Apologia
432 2235 494 2309 ubi
519 2235 562 2307 de
586 2234 713 2334 Apulei
738 2260 773 2306 re
798 2234 959 2308 familiari
984 2234 1115 2307 mentio
1140 2234 1265 2307 iniecta
1290 2242 1360 2323 est,

176 2366 264 2439 sicut
296 2391 329 2463 p.
366 2367 455 2452 103,
493 2363 556 2437 ubi
589 2388 623 2436 se
659 2363 760 2437 dicit:
798 2363 959 2452 „fortuna
981 2388 1052 2435 non
1075 2360 1359 2461 poenitendum''.

177 2495 323 2566 Restant
352 2500 470 2565 contra
495 2492 531 2564 in
558 2491 703 2566 Metam.
730 2491 827 2564 libris
852 2492 923 2568 duo
947 2491 1013 2565 loci
1037 2515 1143 2591 quos,
1169 2491 1248 2564 licet
1273 2490 1362 2563 nihil

175 2630 266 2695 vetet
291 2622 477 2719 quominus
499 2619 544 2693 ad
570 2620 761 2719 Apuleium
786 2628 938 2718 spectare
964 2621 1218 2708 existimemus,
1243 2626 1360 2693 tamen

175 2774 396 2848 nequaquam
428 2749 656 2822 necessarium
690 2749 734 2822 sit
765 2749 809 2822 ad
842 2749 950 2847 ipsius
977 2749 1088 2822 vitam
1113 2750 1253 2838 rcferre;
1281 2773 1359 2848 pag.

176 2882 245 2952 223
273 2879 339 2971 (ed.
366 2875 545 2976 Eyssenh.)
571 2876 737 2972 legimus:
764 2936 797 2965 ‚‚.
813 2938 820 2952 .
839 2937 846 2952 .
863 2939 870 2951 .
886 2902 948 2950 nec
974 2878 1090 2950 minus
1112 2877 1217 2950 etiam
1229 2877 1361 2950 victum

74 3037 76 3043 ·
175 3007 368 3080 uberiorem
388 3005 715 3094 subministrabant,
740 3005 882 3102 quidni,
905 3006 1030 3105 spiritu
1050 3006 1194 3079 faventis
1208 3006 1361 3080 Eventus

174 3137 379 3234 quaesticulo
398 3135 537 3228 sorensi
561 3134 694 3207 nutrito
719 3134 908 3233 patrocinia
928 3135 1093 3208 sermonis
1113 3135 1287 3210 Romani.
1304 3196 1311 3211 .
1328 3134 1360 3210 .''

173 3270 236 3338 eto.
274 3270 308 3336 et
341 3287 419 3361 pag.
456 3268 545 3339 2252
582 3324 615 3353 ‚‚.
632 3323 639 3337 .
657 3324 664 3338 .
681 3324 688 3339 .
705 3325 712 3338 .
729 3265 797 3336 iam
821 3265 999 3359 alapendb‘a
1016 3262 1211 3356 forensibus
1235 3263 1362 3337 bellule

173 3391 323 3467 lotum.''
367 3393 457 3465 Sunt
495 3392 557 3490 qui
593 3392 676 3465 inde
713 3391 886 3466 effecerint
923 3393 1113 3491 Apuleium
1150 3392 1362 3467 causidicum

173 3520 298 3610 fuisse,
332 3521 376 3593 ad
409 3546 515 3619 quam
552 3529 668 3594 tamen
703 3521 935 3595 coniecturam
970 3521 1242 3595 confirmandam
1267 3521 1364 3595 nulla

143 3650 240 3723 alia
277 3657 482 3746 argumenta
521 3649 666 3739 adsunt3
708 3657 809 3723 notae
846 3650 940 3723 enim
980 3658 1061 3723 sunt
1097 3650 1187 3723 duae
1224 3657 1363 3724 tantum

174 3803 296 3853 causae
320 3778 471 3876 privatae
497 3804 584 3875 quas
609 3778 697 3874 egit,
726 3803 872 3876 quarum
900 3804 970 3851 una
996 3786 1047 3851 est
1069 3778 1237 3878 Apologia
1258 3779 1363 3871 (‚‚Pro

168 3910 209 3980 'se
243 3906 286 3979 de
322 3903 479 4002 Magia'')
517 3906 623 3979 altera
658 3931 744 4005 ,‚pro
769 3931 873 3980 uxore
898 3906 1118 3980 Pudentilla”
1145 3908 1243 3981 cuius
1269 3932 1363 3980 men·

173 4036 303 4108 tionem
328 4033 410 4107 facit
433 4034 471 4106 in
496 4033 666 4131 Apologia
691 4037 745 4126 (3,
774 4039 833 4126 11)
859 4035 913 4108 his
937 4035 1069 4110 verbis:
1096 4061 1203 4124 „nam
1229 4044 1270 4109 ut
1293 4062 1363 4109 me-

174 4164 322 4253 ministi,
348 4164 422 4238 dies
446 4162 572 4236 abhinc
598 4162 741 4260 quintus
766 4188 810 4236 an
837 4171 952 4238 sextus
973 4172 1125 4238 osteum
1148 4189 1204 4236 me
1224 4189 1363 4237 cansam

173 4317 236 4391 pro
261 4318 366 4367 uxore
390 4291 588 4366 Pudentilla
612 4292 774 4365 adversus
799 4293 945 4367 Granios
969 4317 1069 4389 agere
1090 4317 1311 4392 aggressum.
1329 4327 1362 4368 .-

173 4423 339 4496 incessere
375 4420 600 4497 maledictis.''
643 4421 828 4520 Nusquam
861 4423 947 4496 aliae
982 4448 1103 4496 causae
1136 4423 1180 4496 ab
1214 4422 1363 4521 Apuleio
