3082 4988
731 361 779 429 44

227 547 318 620 Cum
347 546 455 642 igitur
484 547 565 618 satis
586 547 630 619 sit
651 546 873 619 manifestum
893 547 931 618 in
953 547 1094 645 prologo
1113 547 1195 620 inde
1212 574 1233 621 a
1252 548 1366 621 verbis

179 677 277 773 „qnia
302 677 361 746 illc
381 677 501 770 poncia
525 673 659 770 occipe''
681 699 815 773 semper
838 680 873 747 et
892 674 1023 772 ubique
1045 675 1193 748 Lucium
1216 675 1363 764 „illum”

178 801 398 876 Corinthium
433 803 633 899 loquentem
657 801 795 889 induci,
822 801 957 874 sublata
982 803 1052 874 iam
1078 810 1128 875 est
1154 803 1364 900 ambiguitas

177 957 265 1029 quae
298 931 329 1004 ei
364 930 545 1003 videbatur
582 932 691 1003 inesse
717 940 752 1002 11
777 930 822 1003 ad
848 956 954 1029 quam
979 931 1168 1004 tollendam
1193 933 1364 1005 coniectu·

177 1084 231 1131 ras
255 1059 498 1131 audacissimos
524 1058 672 1156 prolatas
698 1083 768 1130 esse
794 1058 952 1134 vidimus.
981 1060 1142 1159 Superest
1165 1067 1207 1132 ut
1231 1061 1275 1133 de
1295 1062 1363 1135 illis

177 1186 258 1259 locis
292 1188 397 1281 ipsius
429 1188 637 1258 narrationis
670 1185 887 1284 disputemus
912 1188 974 1285 qui
1000 1188 1074 1260 iure
1099 1213 1142 1261 an
1168 1189 1294 1262 iniuria
1318 1189 1364 1261 ad

177 1314 368 1412 Apuleium
393 1315 558 1387 dicuntur
582 1315 761 1412 pertinere.

225 1444 358 1539 Biirger
382 1443 464 1541 qui,
490 1442 652 1534 (Hermes
678 1448 734 1516 23.
763 1442 828 1535 lV)
855 1444 922 1517 nisi
945 1446 1043 1517 fallor
1067 1446 1212 1519 ultimus
1236 1445 1279 1518 de
1298 1446 1363 1519 hac

176 1597 212 1644 re
238 1572 422 1660 disserens,
449 1571 635 1643 Rohdeum
661 1572 861 1671 praesertim
886 1574 1121 1672 impugnavit,
1144 1583 1362 1670 argumenta·
1467 1584 1478 1605 ⁶

176 1701 306 1772 tionem
331 1701 381 1772 ita
405 1699 600 1774 concludit:
627 1700 664 1772 in
689 1701 873 1799 posteriore
896 1701 1032 1775 fabulae
1058 1710 1154 1802 parte
1180 1711 1215 1776 et
1238 1704 1275 1776 in
1294 1703 1363 1777 illis

174 1830 307 1929 prologi
340 1830 496 1928 partibus
528 1855 616 1928 quae
651 1830 695 1902 ad
731 1829 820 1902 hanc
853 1832 1046 1930 pertinent,
1081 1833 1250 1931 Apuleius
1283 1858 1363 1906 snos
1470 1856 1473 1861 ’

175 1958 282 2054 ipsius
308 1983 404 2030 casus
429 1957 607 2046 adhibuit,
634 1958 865 2031 narrationem
889 1985 968 2032 vero
993 1960 1043 2033 ita
1068 1961 1218 2033 instituit
1238 1968 1279 2033 111
1300 1987 1363 2059 pro

176 2095 313 2159 anctore
338 2087 466 2160 Lucius
491 2087 635 2205 quidam
653 2087 871 2176 Corinthius,
894 2089 955 2186 qni
978 2097 1011 2161 et
1024 2089 1193 2186 reliquam
1207 2089 1362 2163 fabulam

173 2240 308 2288 narrare
332 2216 494 2311 fingitur,
514 2215 710 2312 loqueretur
733 2216 901 2314 nobisque
923 2217 965 2290 dc
986 2219 1098 2315 patria
1112 2225 1146 2291 et
1159 2218 1362 2292 educatione

174 2370 235 2417 1111
256 2370 365 2441 pauca
387 2343 559 2440 quaedam
580 2344 709 2417 indicia
731 2345 846 2433 daret;
872 2370 920 2418 11
944 2345 1118 2419 indicia
1143 2371 1239 2418 oum
1263 2348 1362 2420 reli·

174 2499 259 2570 qua
279 2472 544 2545 narratione
566 2480 669 2571 apte
690 2473 993 2560 concordant,
1016 2474 1066 2547 ita
1084 2475 1197 2573 pergit
1215 2474 1361 2571 Btirger,

174 2629 272 2675 cum
307 2601 471 2699 Apulei
502 2626 604 2674 vero
629 2602 723 2674 vita
749 2603 917 2698 partim
942 2628 1129 2699 prorsus
1154 2627 1240 2675 non
1267 2628 1361 2676 con-

174 2739 350 2827 gruunt.
365 2733 482 2808 Quare
494 2731 655 2828 prologus
667 2731 716 2803 ita
729 2731 937 2828 compositus
950 2740 1001 2803 cst
1013 2739 1052 2802 ut
1066 2731 1228 2804 lectorem
1240 2733 1278 2804 in
1290 2732 1362 2830 opi·

174 2859 314 2932 nionem
327 2859 470 2932 inducat
482 2865 693 2932 narratorem
706 2884 775 2930 non
784 2884 855 2931 esse
863 2858 971 2930 alium
981 2884 1088 2956 quam
1096 2867 1282 2947 auctorem,
1293 2859 1361 2932 Lu·
1434 2949 1443 2955 ν

176 2989 269 3060 oium
290 2987 510 3060 Corinthium
533 2987 619 3059 dico.
644 2986 746 3059 Hanc
766 2993 884 3059 autem
906 3011 1022 3059 rerum
1041 2987 1307 3083 expositionem,
1321 2993 1362 3059 nt

176 3117 236 3204 ait,
246 3124 385 3189 tantum
397 3116 578 3189 defendere
587 3141 770 3213 possumus
781 3115 966 3188 statuendo
975 3115 1165 3215 Apuleium
1174 3115 1361 3189 Metamor-

177 3245 298 3343 phoses
323 3244 468 3317 edidisse
493 3244 574 3316 sub
599 3244 779 3317 nomine
804 3244 936 3316 Lucii
961 3250 1022 3316 aut
1047 3244 1143 3316 sinc
1168 3244 1360 3328 nomine.

226 3375 313 3446 Ecce
338 3373 426 3445 duae
450 3372 712 3471 explicationes,
738 3399 827 3471 qnae
851 3397 1065 3469 quamquam
1091 3373 1180 3445 inter
1205 3397 1239 3445 se
1262 3372 1361 3446 hand

177 3526 300 3599 parum
334 3501 546 3600 discrepant,
580 3501 618 3573 in
651 3501 714 3574 hac
740 3510 856 3574 tamen
881 3525 1020 3573 recum
1047 3500 1217 3597 prioribus
1242 3525 1361 3573 conve·

176 3630 280 3702 niunt
304 3630 398 3727 qnod
422 3629 591 3729 Apuleius
618 3629 744 3702 dicitur
768 3630 805 3702 in
830 3627 972 3726 prologo
994 3628 1198 3701 narrationis
1223 3629 1266 3700 de
1290 3629 1361 3701 vita

177 3784 239 3830 sua
271 3758 443 3856 quaedam
475 3757 661 3830 memoriae
693 3757 892 3855 prodidisse.
930 3756 1035 3833 Quod
1070 3781 1182 3853 quum
1217 3781 1287 3829 non
1319 3783 1361 3830 ex

176 3887 317 3959 veritate
350 3886 512 3960 affirmari
543 3887 614 3958 iam
649 3886 924 3958 demonstratum
950 3885 1012 3971 sit,
1038 3892 1159 3973 restat,
1185 3910 1298 3982 neque
1322 3886 1360 3958 id

178 4014 368 4088 admodum
402 4014 541 4087 difficile
573 4015 657 4102 erit,
690 4021 732 4086 111
766 4013 885 4086 erroris
911 4012 1079 4109 originem
1104 4012 1358 4109 investigemus.

180 4145 261 4220 Quo
285 4143 374 4216 facto
398 4150 432 4215 et
456 4144 529 4241 ipse
554 4167 645 4216 error
671 4142 803 4214 facilius
828 4140 1050 4237 intelligetur.

226 4272 308 4344 Duo
339 4278 457 4344 autem
488 4278 571 4345 sunt
602 4271 669 4344 looi
692 4271 754 4368 qui
781 4293 861 4368 prae
887 4268 961 4341 aliis
987 4269 1024 4341 in
1049 4293 1197 4342 errorem
1221 4294 1283 4342 nos
1308 4269 1359 4343 in-

178 4399 302 4472 dnocre
327 4408 487 4498 possunt:
512 4398 591 4474 Lib.
619 4403 638 4471 l
666 4399 749 4498 Cap.
777 4398 814 4469 Π
842 4396 960 4471 statim
986 4404 1063 4495 post
1084 4397 1265 4500 prologum
1278 4399 1359 4499 legi·
