3082 4988
748 374 794 443 48

175 558 354 656 »Epistola
367 564 393 649 1)
427 558 541 631 Severi
573 558 618 630 ad
653 557 820 631 Senatum
855 558 916 632 ubi
940 559 1026 633 dioit
1050 559 1220 635 Albinum
1247 584 1363 633 eonse-

175 688 314 762 »nuisse
345 688 436 761 inter
469 688 620 762 Milesias
648 685 776 787 Apulei
801 687 890 763 sui.''
921 690 1146 787 Quamquam
1174 690 1363 763 maximam

176 825 310 915 partem
343 817 510 890 Salmasio
542 817 579 889 in
615 818 678 890 hae
711 817 968 914 computatione
993 818 1148 890 assentiri
1175 818 1362 908 debemus,

176 955 293 1020 tamen
319 972 388 1019 non
412 955 462 1019 est
488 945 688 1038 negandum
712 946 826 1018 virum
852 945 1029 1043 egregium
1053 946 1097 1020 ob
1122 947 1239 1020 minus
1267 972 1360 1020 arau-

175 1084 287 1149 ratam
319 1101 439 1148 eorum
473 1081 672 1172 temporum
700 1073 951 1169 cognitionem,
977 1074 1157 1148 veritatem
1182 1074 1363 1148 coniecisse

176 1205 291 1301 potius
317 1227 424 1300 quam
451 1202 678 1301 explicavisse.
707 1203 829 1278 Quum
855 1203 892 1275 in
918 1204 1174 1301 computatione
1199 1229 1260 1277 sua
1282 1229 1366 1278 usus

178 1332 223 1405 sit
254 1331 380 1404 Suidae
413 1330 630 1419 testimoni0,
657 1330 763 1405 satius
789 1331 854 1403 erit
878 1330 1045 1429 inspicere
1071 1358 1159 1430 quae
1183 1332 1241 1405 ille
1265 1331 1367 1406 offert

178 1487 203 1535 s.
222 1487 252 1534 V.
277 1465 441 1549 Σέξτοςι
465 1467 636 1550 ,Σέξτος
658 1465 899 1558 Χαιρωνεύς,
923 1459 1364 1560 οἷδελφιδουςΠλουτάρ-

177 1620 275 1687 χου,
306 1593 471 1692 γεγονὼς
495 1591 597 1666 κατά
623 1594 787 1689 Μάρκον
813 1593 1046 1667 Ἀντωνῖνον
1071 1595 1138 1666 τὸν
1162 1595 1363 1690 Καίσαρα,

179 1721 411 1815 φιλόσοφος,
448 1725 625 1814 μαθητὴς
657 1720 862 1841 Ἡροδότου
896 1732 962 1797 του
991 1721 1292 1816 Φιλαδελφαιου.
1319 1717 1366 1814 ἦν

180 1851 221 1925 δὲ
257 1865 323 1943 της
356 1853 595 1949 Πυρρωνείου
629 1852 800 1950 ἀγωγῆς,
829 1854 896 1927 καὶ
930 1863 1110 1928 τοσοῦτον
1135 1858 1227 1948 πρὸς
1250 1865 1368 1950 τιμῆς

178 1989 230 2078 τῷ
261 1982 413 2070 βασιλεῖ
441 1977 509 2073 ἧν,
545 1985 638 2056 ὥστε
676 1985 745 2055 καὶ
780 1979 1026 2072 συνδικάζειν
1059 1984 1184 2078 αὐτῷ.
1205 2043 1209 2050 .
1230 2021 1236 2047 ;
1256 2038 1289 2053 ..
1316 2023 1368 2032 -

179 2111 240 2184 ὅτι
270 2111 364 2205 μετά
401 2112 577 2185 θάνατον
613 2109 798 2205 Κομόδου
838 2112 1022 2204 ἐτόλμησέ
1050 2138 1111 2196 τις
1144 2117 1289 2196 Σέξτος
1327 2139 1366 2183 τε

179 2239 281 2316 εἶναι
321 2253 460 2333 φῆσαι,
497 2243 563 2314 καὶ
598 2243 691 2338 πρὸς
724 2240 915 2333 ἀνάληψιν
946 2250 1013 2316 του
1046 2270 1083 2314 τε
1108 2241 1263 2315 πλούτου
1296 2241 1367 2313 καὶ

181 2372 401 2462 ἀξιώματος
439 2373 626 2468 ὁρμῆσαι,
659 2373 728 2443 καὶ
763 2371 877 2444 πολλά
910 2400 952 2470 γε
986 2372 1056 2445 ὑπὸ
1092 2371 1238 2446 πολλῶν
1275 2369 1364 2443 oiva-

182 2502 333 2598 κριθεὶς
365 2504 639 2592 ε’κομφεάσατο.
682 2501 734 2585 ὡς
766 2505 902 2591 μέντοι
936 2502 1005 2574 καὶ
1038 2511 1113 2574 τῶν
1138 2501 1367 2589 Ἑλληνικῶν
1415 2489 1418 2494 ’

183 2660 218 2702 τι
252 2632 370 2704 αὐτὸν
396 2632 416 2704 ὁ
441 2631 652 2725 Περτίναξ,
679 2620 732 2703 ὧν
759 2632 901 2714 ἐκεῖνος
936 2629 1160 2723 διεπεφύκει,
1188 2630 1365 2729 άνηρετο,

183 2761 354 2834 πλεῖστον
379 2759 538 2852 ἐσφάλη,
567 2757 663 2853 μηδὲ
691 2774 862 2835 συνεῖναι
887 2763 930 2834 τὸ
946 2761 1155 2859 λεγόμενον
1173 2759 1362 2849 δυνηθείς.

185 2890 295 2966 Οὕτω
320 2917 388 2962 που
415 2891 457 2962 τὸ
481 2886 554 2981 μὲν
580 2886 685 2996 εἶδος
711 2892 751 2962 ἐκ
779 2895 923 2984 φάσεως
949 2894 1017 2964 καὶ
1042 2880 1160 2963 τᾶλλα
1186 2892 1225 2977 ἐξ
1251 2893 1365 2978 ἐπιτη-

183 3019 337 3105 δεύσεως
369 3021 470 3114 αυτῷ
504 3020 619 3115 ἐῴκει.
655 3032 721 3106 τῆς
754 3016 794 3091 δὲ
829 3018 871 3108 δὴ
904 3017 1087 3105 παιδείας
1111 3022 1214 3116 αὐτῷ
1240 3021 1285 3093 ου’
1306 3046 1367 3111 με·

183 3149 394 3244 τεσχηκει.”

233 3280 370 3353 Deinde
396 3306 422 3354 s,
450 3305 480 3355 v.
506 3280 669 3376 Μάρκος
696 3280 859 3376 legimus:

234 3416 417 3508 Μάρκος,
452 3413 472 3485 ὁ
498 3413 565 3484 καὶ
591 3410 823 3495 Ἀντωνῖνος
838 3470 845 3483 .
863 3469 869 3482 .
886 3466 919 3482 ..
944 3411 1100 3504 ὕστερον
1126 3404 1168 3481 δὲ
1194 3405 1367 3498 διήκουσε

186 3547 355 3631 Σέξτου,
399 3542 440 3614 ἐκ
478 3543 673 3624 Βοιωτίας
707 3539 941 3632 φιλοσόφου,
977 3536 1031 3610 ἐπ’
1066 3539 1184 3628 αὐτῆς
1217 3537 1367 3628 Ῥώμης

188 3675 369 3766 θαμίζων
392 3673 494 3767 αὐτῷ
518 3673 587 3744 καὶ
612 3681 756 3763 φοιτῶν
782 3671 842 3742 ἐπὶ
867 3671 1056 3766 θύρας...
1074 3668 1105 3742 .”

234 3800 349 3873 Priore
375 3800 448 3872 loeo
474 3799 597 3873 Suidas
621 3825 684 3873 nos
710 3800 808 3871 dooet
830 3799 971 3870 Sextum
994 3797 1116 3870 vixisse
1130 3804 1155 3888 ²)
1170 3797 1236 3871 sub
1249 3795 1368 3870 Maroo

192 3932 397 3942 ...ψ-

226 3989 254 4064 l)
272 3993 399 4062 Epistola
419 3991 512 4046 Severi
532 3994 624 4046 exstat
643 3990 719 4062 apud
738 3992 793 4044 ΙΙαί.
817 3990 902 4060 Capit.
923 3991 950 4042 ιἰε
970 3990 1022 4044 vitu
1043 3989 1128 4044 Clodii
1146 3989 1237 4043 Albini
1254 4007 1312 4060 cap.
1334 3988 1368 4042 12

186 4085 215 4137 et
245 4082 333 4137 verba
357 4086 435 4138 sunt:
463 4082 570 4137 »Maior
599 4082 652 4137 fuit
679 4081 758 4136 dolor
787 4079 861 4150 quod
885 4079 967 4132 illum
994 4097 1044 4149 pro
1064 4078 1177 4135 literato
1197 4079 1369 4134 laudandum

185 4172 311 4243 plerique
340 4173 458 4227 duxistis
486 4192 571 4243 quum
598 4173 647 4226 ille
673 4171 780 4226 naeniis
800 4169 965 4240 quibusdam
985 4168 1107 4224 anilibus
1127 4172 1277 4240 oooupatus
1294 4169 1370 4223 inter

185 4263 309 4317 Milesias
328 4263 430 4333 Apulei
449 4263 491 4317 sui
510 4268 539 4319 et
557 4262 666 4318 ludicra
685 4261 812 4317 literaria
831 4261 1067 4316 consenesceret.”

225 4352 254 4426 2)
281 4353 404 4407 Verbum
429 4359 536 4422 γεγονώς
561 4353 633 4408 nihil
659 4352 736 4406 aliud
756 4351 911 4422 significare
929 4368 1028 4420 quam:
1048 4352 1147 4416 vivona,
1167 4349 1214 4405 vix
1232 4352 1275 4405 est
1294 4348 1370 4419 quod

188 4458 356 4498 moneamus.
