3082 4988
698 312 701 317 ’
736 354 791 423 ro

223 541 347 637 Neque
371 538 534 612 Tuurrnu
559 541 699 632 (Rhein.
727 541 820 617 Mus.
847 539 937 615 XIX
964 567 997 639 p.
1027 545 1096 615 243
1118 544 1210 638 sqq.)
1232 540 1358 613 Photio

175 672 282 744 fidem
307 668 448 757 tribuit;
475 670 503 741 is
528 695 666 768 quoque
691 697 711 743 a
736 669 935 747 Patriarcha
960 670 1136 743 discedens
1160 669 1356 743 Lucianum

173 800 304 872 fontem
329 805 364 870 et
388 796 555 892 originem
580 798 760 872 ambarum
787 799 997 896 reliquarum
1024 799 1260 872 narrationum
1286 820 1357 868 esse

176 934 294 1024 putat;
326 923 423 996 reicit
456 924 653 1022 opinionem
686 951 768 1001 eum
794 925 1056 1024 epitomatorem
1081 926 1206 1018 fuisse,
1232 934 1267 997 et
1293 924 1357 1001 bac

175 1055 211 1127 in
244 1079 280 1125 re
311 1043 393 1127 cum
418 1052 580 1125 Oouriero
605 1054 774 1126 consentit
791 1054 892 1161 'quod
917 1056 1044 1154 pariter
1068 1064 1173 1152 atque
1199 1053 1254 1125 hic
1279 1076 1357 1124 con·

174 1181 288 1255 tendit
331 1179 525 1254 Lucianum
564 1181 678 1277 potius
717 1181 942 1280 amplificasse
979 1182 1210 1259 narrationem
1248 1204 1355 1277 quam

174 1317 359 1398 constasse,
393 1332 506 1404 neque
538 1308 611 1381 eius
645 1333 732 1407 opus
766 1311 916 1408 excerpti
941 1310 1070 1385 indicia
1095 1334 1176 1408 prae
1201 1334 1236 1381 se
1258 1307 1355 1390 ferre.

176 1438 256 1512 Non
289 1437 398 1510 credit
432 1436 626 1512 Luciauum
663 1424 866 1535 excerpsisse
903 1439 1121 1528 Patreusem,
1161 1435 1247 1534 quin
1271 1435 1357 1508 adeo

175 1574 278 1663 negat
310 1571 486 1638 auctorem
519 1564 623 1642 huius
656 1566 806 1639 nominis
839 1566 1023 1653 exstitisse,
1050 1565 1179 1662 quain
1206 1589 1242 1637 re
1267 1563 1361 1636 Wie-

176 1695 292 1768 landio
317 1699 358 1766 ut
384 1691 533 1766 vidimus
558 1694 752 1769 assentitur.

224 1821 330 1894 Hisce
364 1819 477 1908 tribus
510 1819 647 1893 iudiciis
680 1819 782 1895 editis
815 1827 910 1918 patet
942 1818 1108 1896 Photium
1143 1820 1237 1893 haud
1263 1844 1362 1918 saepe

175 1950 283 2022 fidem
316 1948 411 2046 apud
446 1957 598 2046 posteros
631 1947 810 2039 inienissc.
847 1949 892 2022 Et
924 1949 999 2048 iure
1033 1947 1097 2020 viri
1121 1948 1174 2021 1111
1198 1947 1291 2021 docti
1315 1948 1362 2020 vi·

177 2078 304 2152 dentur
344 2075 555 2152 dubitavisse
592 2051 780 2172 antebuam
817 2076 959 2150 omnino
996 2078 1027 2149 ei
1064 2077 1258 2166 crederent;
1299 2077 1361 2173 qui

175 2215 292 2280 tamen
321 2229 499 2304 perperam
524 2203 674 2279 Lucium
699 2211 874 2277 auctorem
899 2204 1110 2278 indubium
1136 2213 1358 2292 vocaverunt,

176 2333 294 2406 Photii
317 2333 425 2405 istum
451 2333 566 2406 locum
592 2332 697 2405 huius
717 2333 766 2407 rei
788 2333 1027 2407 testimonium
1040 2333 1184 2411 unicum
1197 2330 1351 2409 esserati.

155 2452 286 2534 'Miror
311 2470 428 2534 autem
454 2460 596 2537 anullo
622 2460 691 2533 sive
715 2460 854 2533 illorum
880 2461 948 2534 sive
969 2486 1088 2534 eorum
1108 2461 1169 2557 qui
1192 2467 1308 2559 postea
1320 2458 1357 2530 111

176 2616 249 2663 rem
275 2599 526 2663 controversam
552 2589 793 2686 inquisiverint
817 2591 985 2663 rationem
1010 2590 1166 2663 habitam
1187 2613 1259 2661 esse
1280 2587 1361 2661 alte-

176 2719 248 2791 rius
273 2718 579 2808 testimonii,uno
604 2717 750 2790 Rohdeo
775 2728 934 2817 exceptu,
962 2721 1023 2816 qui
1049 2719 1164 2792 locum
1190 2719 1273 2792 citat
1301 2718 1363 2790 sal·

177 2857 260 2935 tem,
298 2846 394 2919 aliud
426 2855 544 2919 tamen
577 2845 759 2918 eonsilium
793 2856 939 2922 secutus.
984 2849 1151 2926 Attamen
1187 2845 1363 2946 permagni

177 2974 346 3047 momenti
369 2982 452 3047 sunt
473 2972 576 3045 verba
597 2998 686 3070 quae
705 2973 799 3063 volo,
821 3000 904 3049 nam
925 2977 1011 3074 quin
1031 2972 1150 3050 auctor
1170 2976 1298 3050 Lucius
1310 3000 1361 3049 re·

176 3127 255 3176 vera
279 3101 420 3193 vixerit,
446 3101 607 3175 dubitare
633 3089 788 3202 noanon
813 3103 942 3178 sinunt.
969 3104 1105 3203 Nempe
1129 3105 1275 3179 Photius
1295 3104 1363 3176 dis·

177 3255 290 3303 serens
315 3231 358 3303 de
383 3229 529 3304 Antonii
553 3209 851 3324 Diogenis'libm,
873 3231 930 3303 cui
952 3232 1075 3305 titulus
1088 3233 1224 3311 videtur
1236 3232 1340 3305 fuisse
1359 3267 1366 3306 ι

177 3361 226 3435 cd
247 3358 337 3459 ὑπὲρ
360 3360 502 3451 Θούληυ
523 3359 668 3433 ἄπιστα
691 3359 780 3449 (cod.
805 3364 873 3434 too
891 3362 944 3434 ed.
960 3361 1127 3453 Bekker),
1142 3362 1225 3434 haec
1238 3361 1360 3434 habet:

228 3493 333 3576 „san
367 3487 415 3577 δ’,
451 3490 503 3574 ὡς
536 3489 678 3570 ἔοικεν,
706 3477 815 3573 οὗτος
841 3489 937 3579 (Ant.
965 3489 1082 3586 Diog.)
1105 3492 1235 3587 χρόνῳ
1259 3517 1362 3587 πρεσ-

178 3619 337 3712 βύτερος
362 3626 439 3690 τῶν
463 3616 511 3690 τοὶ
534 3627 695 3691 τοιαῦτα
718 3615 1007 3692 ἐσπουδακότων
1028 3603 1264 3706 transisses
1280 3615 1364 3691 οἷον

179 3751 480 3830 Λουκιανοῦ,
507 3747 749 3833 Λουκίου,
777 3744 1032 3844 Ἰαμβλίχου,
1063 3749 1269 3843 Ἀχιλλέως
1294 3751 1365 3819 Τοι-

179 3879 282 3961 τίου,
305 3873 533 3973 Ἡλιοδώρου
553 3903 591 3949 τε
613 3877 682 3950 καὶ
706 3880 957 3967 Δαμαυκίου·
987 3880 1054 3952 καὶ
1076 3879 1149 3977 γάρ
1171 3889 1237 3953 του
1261 3878 1366 3975 περὶ

180 4149 419 4217 Metamorphosin
450 4166 532 4217 supra
558 4149 614 4202 iam
638 4149 729 4202 causis
755 4152 966 4221 comprobatum
993 4157 1045 4208 est.
1068 4185 1100 4194 -
1121 4153 1193 4208 Hine
1214 4153 1283 4206 mihi
1303 4169 1365 4223 pro-

180 4239 275 4293 babile
304 4239 352 4304 fis,
381 4237 459 4291 Lucii
488 4237 725 4308 Metamorphosin
751 4257 811 4295 esse
836 4243 958 4310 fontem,
985 4244 1058 4298 unde
1077 4261 1155 4300 suam
1175 4243 1362 4299 narrationem

181 4328 373 4383 Madaurensis
403 4327 573 4398 repetierit.”
609 4327 829 4385 Hildebrandum
857 4331 886 4386 in
915 4334 1048 4404 temporis
1075 4334 1231 4390 rationibus
1259 4349 1363 4388 errasse

182 4417 257 4471 infra
275 4417 440 4473 videbimus.
