3082 4988
767 329 811 401 18

192 510 519 609 Metamorphoseon
543 512 645 586 Lucii
668 513 744 587 fons
769 524 920 590 vocatur.
946 516 1053 593 Quod
1075 518 1257 617 utriusque
1277 522 1392 622 scrip

191 639 274 713 toris
305 665 433 713 nomen
469 667 642 715 unacum
668 668 813 741 operum
839 644 951 717 titulis
975 672 995 717 a
1021 644 1146 718 Photio
1170 647 1322 738 citatur,
1350 651 1391 725 id

190 792 252 840 nos
285 768 385 841 docet
409 768 513 842 huius
538 795 608 843 non
634 771 751 843 minus
775 796 882 868 quam
907 771 1000 845 illius
1025 771 1151 865 libros,
1178 775 1231 848 vel
1256 776 1390 851 saltem

189 894 338 986 librum,
364 899 396 970 61
420 899 620 973 innotuisse.

238 1024 319 1098 Non
352 1027 544 1099 omittenda
577 1035 629 1100 est
653 1027 717 1099 hoc
742 1027 816 1100 loco
841 1027 958 1126 opinio
984 1052 1090 1124 quam
1116 1028 1155 1104 C.
1182 1030 1321 1128 Bdrger
1348 1035 1388 1109 in

189 1154 325 1248 egregia
349 1153 587 1228 dissertatione
613 1155 695 1246 (vid.
719 1179 795 1252 pag.
822 1160 881 1244 10)
911 1156 1078 1253 exposuit.
1102 1156 1217 1254 Negat
1237 1160 1388 1261 scripto

188 1305 260 1352 rem
287 1281 455 1353 exst'tisse
478 1282 619 1354 nomine
644 1282 745 1355 Lucii
769 1282 958 1370 Patrensis,
985 1283 1184 1381 librumque
1209 1313 1230 1358 a
1250 1286 1387 1364 Photio

187 1408 317 1481 lectum
342 1411 573 1507 compositum
600 1435 671 1483 esse
696 1410 875 1483 contendit
900 1409 944 1483 ab
972 1421 1110 1484 auctore
1132 1412 1233 1487 nobis
1244 1414 1387 1511 ignoto,

187 1538 249 1633 qui
273 1536 422 1609 Lucium
449 1538 625 1634 quendam
651 1537 737 1610 urbe
763 1537 874 1610 Patris
895 1537 1084 1611 oriundum
1106 1541 1387 1639 „paradoxogra-

186 1663 298 1761 phum
331 1674 366 1737 et
395 1665 561 1738 mirarum
587 1665 920 1763 metamorphosium
946 1664 1147 1740 fabularum
1172 1668 1386 1746 studiosissi-

187 1791 309 1863 mum'’
335 1792 475 1866 irridere
501 1792 646 1865 voluerit
672 1801 707 1865 et
731 1793 780 1865 ita
806 1793 951 1889 quidem
975 1801 1015 1866 ut
1035 1792 1189 1867 fabulam
1204 1794 1385 1894 scripserit

185 1941 255 2013 qua
278 1914 407 1991 Lucius
431 1920 504 2018 ipse
528 1945 563 1992 se
588 1920 625 1991 in
651 1920 882 1992 mutationem
907 1917 1090 1992 ridiculam
1114 1921 1276 1995 incidisse
1300 1950 1383 1999 nar·

183 2054 283 2120 rarat.
311 2048 480 2123 Quamvis
505 2055 623 2120 autem
651 2048 788 2143 egregia
813 2047 948 2143 Bdrgcr
972 2047 1015 2120 de
1041 2047 1149 2121 trium
1175 2049 1381 2128 fabularum

183 2177 386 2270 cognatione
412 2174 593 2274 protulerit
604 2150 617 2262 ,.
640 2182 757 2247 tamen
784 2173 848 2246 hac
874 2175 910 2246 in
937 2200 973 2246 re
997 2175 1143 2248 minime
1168 2177 1200 2250 ei
1216 2181 1381 2255 assentiri

183 2327 334 2400 possum.
369 2302 529 2375 Primum
562 2303 655 2375 enim
691 2326 760 2373 non
787 2326 928 2400 possum
954 2302 1042 2376 mihi
1067 2304 1272 2401 persuadere
1297 2307 1377 2381 irri-

183 2429 290 2501 dendi
315 2430 495 2503 consilium
522 2430 691 2518 adfuisse,
718 2453 829 2525 quum
856 2431 893 2501 in
918 2429 1037 2503 fabula
1062 2431 1122 2504 illa
1148 2432 1261 2506 multa
1286 2441 1377 2508 tam·

183 2583 288 2654 quam
323 2558 549 2646 „narrationis
577 2557 821 2630 condimenta’'
848 2557 983 2647 adsint,
1009 2584 1099 2655 quae
1124 2560 1206 2633 huic
1231 2563 1375 2636 consilio

182 2687 327 2761 minime
359 2687 605 2785 respondeant;
642 2685 782 2784 parodia
815 2695 956 2760 externa
980 2687 1202 2762 condimenta
1226 2713 1296 2762 non
1321 2716 1375 2764 re·

181 2817 306 2913 quirit,
332 2841 445 2913 neque
470 2823 589 2888 auctor
614 2813 672 2886 ille
698 2838 810 2910 quum
834 2813 985 2888 Lucium
1011 2816 1166 2890 finxisset
1181 2841 1373 2892 casussuos

179 2945 342 3018 ridiculos
384 2952 601 3030 narrantem,
644 2942 726 3014 talia
765 2941 943 3014 adiecisset
976 2967 1066 3039 quae
1099 2943 1171 3015 vim
1205 2943 1372 3018 irrisionis

125 3042 129 3048 Ι
180 3071 274 3144 haud
307 3071 425 3144 leviter
456 3069 715 3142 imminuerent.
752 3068 931 3141 Praeterea
964 3077 1113 3166 utroque
1147 3069 1264 3144 Photii
1297 3072 1371 3145 loco

179 3199 328 3298 perlecto
362 3198 450 3289 (cod.
488 3200 557 3269 129
593 3203 627 3268 et
660 3199 743 3285 166)
769 3195 905 3267 credere
930 3220 1066 3292 nequeo
1092 3196 1210 3269 Photii
1234 3205 1369 3271 tantam

177 3327 281 3400 fuisse
302 3325 551 3422 negligentiam
577 3331 618 3396 ut
642 3323 730 3395 duos
755 3331 909 3395 auctores
930 3324 1071 3413 citaret,
1095 3349 1208 3397 unum
1230 3334 1370 3399 tantum

177 3455 359 3549 cognitum
384 3451 536 3525 haberet.

225 3582 301 3653 lam
321 3581 501 3654 videamus
521 3578 564 3649 de
584 3577 802 3651 Patriarchae
825 3578 1028 3651 auctoritate
1039 3615 1048 3668 3
1072 3604 1179 3676 quam
1193 3580 1255 3678 qui
1267 3588 1368 3654 antea

175 3708 212 3780 in
233 3708 383 3780 dubium
404 3714 582 3779 traxerunt
603 3704 746 3803 profecti
766 3712 848 3777 sunt
868 3731 889 3778 a
909 3706 984 3781 eod.
1010 3711 1099 3795 129,
1122 3708 1206 3804 quia
1218 3707 1367 3780 alterum

135 3837 137 3841 ’
175 3836 413 3908 testimonium
452 3833 542 3928 (cod.
583 3836 667 3923 166)
702 3833 744 3905 116
776 3832 938 3928 ignotum
971 3843 1062 3908 crat:
1099 3843 1136 3907 at
1169 3835 1269 3908 nobis
1302 3835 1367 3908 hoc

174 3962 373 4060 praesertim
419 3970 623 4057 argumenta
667 3960 704 4032 in
742 3959 989 4058 disceptatione
1027 3961 1189 4059 praebere
1227 3962 1364 4060 poterit.

122 4110 124 4114 ’
174 4089 290 4163 Verba
316 4091 409 4162 enim
434 4113 523 4186 quae
549 4089 716 4160 dicuntur
741 4086 785 4159 de
810 4087 964 4161 Antonio
990 4089 1164 4185 Diogene,
1188 4091 1251 4187 qui
1272 4095 1366 4190 πηγὴ

173 4222 243 4293 καὶ
276 4220 365 4316 ῥίζα
396 4218 501 4292 fuerit
533 4217 687 4289 Lucieno
719 4215 765 4288 ad
792 4215 920 4289 Veram
945 4216 1158 4307 Historiam,
1184 4217 1293 4291 Lucio
1319 4221 1364 4293 ad

161 4330 499 4445 'Metamorphoseon
539 4344 670 4418 librum
709 4343 1009 4439 componendum,
1044 4345 1211 4421 Photium
1245 4348 1363 4421 statim
