3082 4988
716 386 794 495 ,aa

177 583 227 647 est
253 597 391 645 monere
416 597 492 645 cam
517 596 635 644 vocem
661 572 726 643 hoc
750 571 823 643 loco
845 570 924 643 ferri
944 594 1015 642 non
1035 593 1151 667 posse,
1172 593 1277 666 quare
1290 569 1362 641 fere

178 702 344 775 unanimo
367 725 535 773 consensu
559 725 601 772 ex
625 700 777 772 oratione
797 697 1022 771 amovendam
1043 697 1366 770 censueruntinter·

178 839 299 931 pretes.
324 830 448 902 Rohdc
472 854 549 902 eam
575 836 710 916 tuetur,
736 852 841 926 quem
866 828 999 922 Biirger
1023 825 1183 917 (Hermes
1208 829 1274 914 23,
1296 824 1365 916 IV)

181 959 353 1056 sequitur,
379 966 583 1054 argumenta
608 982 728 1030 eorum
754 957 872 1055 paucis
897 956 1139 1055 expendamus.

230 1087 354 1160 Rohde
383 1088 467 1184 qui,
493 1095 533 1160 ut
557 1085 727 1174 vidimus,
753 1084 922 1158 haesitans
948 1110 1008 1182 per
1033 1092 1147 1158 totum
1181 1085 1365 1183 prologum

181 1215 371 1314 Apuleium
404 1215 589 1311 significari
619 1213 815 1301 contendit,
851 1213 981 1310 quique
1009 1213 1251 1312 discrepantias
1276 1239 1367 1310 quae

182 1343 261 1416 inde
298 1351 486 1416 nascuntur
521 1344 571 1416 ita
603 1343 770 1441 explicare
803 1350 946 1414 conatur
979 1349 1022 1414 ut
1053 1366 1108 1414 eas
1141 1343 1296 1416 consulto
1321 1341 1366 1415 ab

180 1480 318 1544 auctore
343 1471 549 1567 excogitatas
572 1471 776 1558 contendat,
802 1469 868 1542 hoc
892 1494 1030 1567 quoqne
1055 1470 1129 1542 loco
1153 1470 1264 1543 simile
1288 1495 1368 1543 con·

181 1600 298 1673 silium
323 1599 355 1672 ei
379 1599 512 1673 tribuit.
541 1599 633 1673 Mus.
660 1599 728 1674 Rh.
752 1603 799 1671 40
825 1622 903 1697 pag.
932 1600 976 1672 77
1001 1597 1102 1672 dicit:
1132 1597 1241 1688 „Man
1268 1599 1367 1671 sollte

181 1728 269 1801 auch
294 1727 463 1824 glauben,
490 1728 680 1801 deutlicher
705 1727 794 1800 habe
816 1727 1004 1826 Apuleius,
1025 1726 1092 1799 den
1113 1726 1202 1800 doch
1224 1727 1368 1800 dienun

182 1855 311 1928 einmal
343 1855 590 1951 beabsichtigte
623 1854 878 1953 Verkniipfung
911 1852 1021 1926 dieser
1048 1853 1276 1928 Geschichten
1301 1855 1369 1927 mit.

184 1984 251 2056 den
284 1984 607 2080 vorangeschiekten
636 1986 859 2060 Abenteuern
885 1987 943 2060 des
968 1985 1096 2060 Lucius
1120 2010 1189 2058 von
1214 1984 1367 2057 Korinth

183 2112 239 2184 ein
286 2112 442 2208 gewisses
486 2112 780 2212 Versteckspielen
816 2117 883 2188 mit
917 2116 1026 2188 seiner
1062 2115 1204 2211 eigcnen
1239 2112 1367 2185 Person

184 2240 407 2313 festzuhalten
432 2266 573 2338 awang,
598 2266 664 2314 von
691 2267 780 2313 wem
803 2268 839 2314 er
862 2243 1036 2315 nunmehr
1058 2240 1241 2337 eigentlich
1266 2239 1367 2329 rede,

184 2368 281 2440 nicht
314 2369 530 2442 ausdri'rcken
555 2370 711 2457 konnen,
737 2370 786 2442 als
812 2395 848 2442 er
871 2370 930 2444 lib.
957 2368 1031 2457 XI,
1058 2371 1103 2443 27
1129 2369 1228 2455 thut,
1254 2392 1306 2438 wo
1331 2391 1369 2439 er

184 2497 251 2570 den
290 2498 427 2571 Helden
465 2499 574 2572 dieser
605 2501 728 2573 letzten
762 2500 952 2596 Ereignisse
991 2498 1111 2571 hbehst
1149 2497 1368 2593 unbefangen

185 2629 445 2699 Madaurensem
478 2653 616 2700 nennen
650 2628 765 2702 lasst.''
801 2629 868 2700 Sed
893 2628 963 2700 iam
988 2651 1107 2722 rogare
1132 2625 1253 2713 velim,
1279 2649 1367 2697 num

183 2757 254 2830 veri
290 2757 402 2829 simile
439 2756 596 2829 videatur
632 2757 840 2855 Apuleium,
876 2780 980 2853 quem
1013 2755 1051 2827 in
1084 2753 1245 2827 omnibus
1278 2778 1368 2849 quae

184 2885 394 2984 praecedunt
431 2911 492 2958 sua
528 2885 598 2959 fata
636 2911 716 2958 cum
756 2882 850 2957 Lucii
885 2883 1019 2957 casibus
1042 2883 1092 2956 ita
1115 2881 1368 2954 commiscuisse

185 3014 340 3109 fingunt,
379 3023 418 3086 ut
450 3012 494 3085 ad
529 3022 680 3085 nostram
708 3020 856 3085 aetatem
881 3036 983 3084 nemo
1004 3010 1192 3083 diiudicare
1217 3008 1369 3107 potuerit

185 3149 304 3212 utrum
339 3140 382 3212 de
415 3167 449 3213 se
481 3140 556 3239 ipso
592 3167 636 3213 an
666 3141 840 3213 deLucio
865 3140 1082 3237 loqueretur,
1108 3138 1269 3210 hocloco
1294 3144 1368 3210 tam

183 3278 298 3367 aperte
324 3269 361 3341 in
386 3269 499 3341 lucem
525 3269 689 3367 prodiisse
716 3276 756 3341 ut
780 3277 894 3340 totum
920 3267 1009 3339 illud
1034 3264 1266 3339 abscondendi
1290 3291 1368 3338 con·

183 3395 299 3468 silium
331 3396 394 3468 hoc
420 3421 489 3467 uno
514 3395 616 3469 verbo
641 3397 778 3469 irritum
803 3397 899 3468 fieret
923 3419 1131 3491 omnemque
1156 3394 1226 3465 vim
1251 3392 1369 3490 perde·

184 3527 259 3596 ret?
274 3523 300 3614 1)
326 3523 418 3596 Cum
443 3524 513 3596 iam
539 3524 723 3597 viderimus
750 3550 830 3596 eum
855 3524 891 3595 in
916 3522 1057 3621 prologo
1082 3545 1221 3618 quoque
1246 3547 1266 3592 a
1291 3545 1369 3592 con·

184 3653 259 3725 silio
279 3653 339 3725 illo
358 3653 552 3725 incredibili
572 3653 672 3749 longe
693 3652 837 3741 afuisse,
860 3675 1065 3748 quaeramus
1078 3647 1365 3747 quidRohdeum

185 3780 382 3879 perduxerit
408 3788 447 3852 ut
472 3780 522 3853 ita
548 3788 709 3855 censeret.

225 3989 253 4062 1)
281 3989 351 4043 Ecca
380 3991 585 4060 argumentatio
614 3992 738 4060 profecto
766 4007 864 4059 parum
893 3990 987 4043 firma:
1018 3986 1367 4058 „Apuleius....mochte

187 4079 296 4134 denken
326 4080 400 4134 seina
427 4081 508 4136 Leser
533 4081 645 4135 wiirden
664 4081 736 4135 auch
758 4081 863 4134 Humor
881 4095 973 4149 genug
992 4078 1098 4143 haben,
1119 4096 1166 4132 um
1187 4094 1216 4131 es
1235 4076 1314 4131 nicht
1333 4095 1368 4131 zu

191 4170 297 4224 schwer
325 4170 382 4224 und
411 4170 528 4225 lrritisch
547 4173 596 4225 aut
614 4190 647 4225 zu
667 4173 757 4225 fassen
777 4188 858 4225 wenn
877 4188 933 4223 nun
954 4187 988 4222 zu
1006 4169 1160 4239 guterletat
1180 4187 1228 4223 aas
1248 4170 1293 4222 der
1311 4185 1367 4221 zer·
1389 4229 1392 4235 ,

180 4259 340 4330 fliesscnden
370 4262 584 4331 Sclcttanpeatclt
609 4261 656 4314 des
683 4261 783 4314 Lucius
804 4278 858 4316 von
879 4258 995 4315 Corinth
1015 4258 1059 4312 die
1080 4256 1245 4328 lcibhaftige
1265 4257 1367 4311 Person

187 4349 235 4403 des
264 4349 400 4418 Apuleius
429 4367 482 4404 von
511 4351 645 4406 Madarra
669 4349 871 4405 hervortrate.'’
898 4349 970 4404 Sane
996 4349 1040 4402 his
1069 4347 1189 4418 cognitis
1217 4345 1366 4401 crediderit

68 4482 83 4503 ,
186 4437 323 4508 quispiam
343 4439 553 4496 Madaurensem
578 4445 702 4496 nostrum
721 4457 777 4496 non
796 4439 899 4494 iniuria
917 4439 1027 4510 magiae
1046 4442 1207 4494 accusatum
1227 4452 1294 4492 esse.
