3082 4988
746 378 790 446 50

181 567 266 655 259)
292 571 483 638 statuamus
505 589 585 637 eum
614 569 660 638 48
687 571 811 637 netum
835 587 917 638 esse.
942 564 1059 663 Nepos
1082 564 1140 637 ille
1161 565 1282 638 Sextus
1294 566 1361 640 fuit

179 692 253 765 eius
285 693 406 766 sororis
437 718 561 792 nepos,
596 690 842 787 ἀδελφιδοῦς,
879 694 940 791 qui
972 694 1103 793 optime
1129 695 1236 790 igitur
1258 704 1362 770 natus

179 845 250 894 esse
275 829 387 921 potest
412 829 488 920 post
512 847 644 895 annum
672 827 740 895 100
766 831 934 920 utsupra
959 822 1119 898 diximus.

228 948 319 1024 Cum
352 950 443 1023 hisce
476 950 546 1023 iam
581 976 621 1024 ea
644 974 909 1049 componemus,
935 975 1023 1047 quae
1049 951 1093 1024 de
1118 951 1245 1050 Apulei
1271 979 1361 1027 anno

179 1078 285 1151 natali
315 1077 483 1153 novimus.
517 1079 560 1152 ln
595 1079 729 1176 egregia
758 1087 792 1152 et
817 1086 973 1152 accurata
998 1079 1230 1177 disputatione
1255 1106 1361 1178 quam

179 1206 222 1278 de
258 1206 318 1280 illa
356 1206 554 1304 quaestione
590 1206 808 1306 conscripsit,
840 1205 963 1279 Rohde
997 1207 1117 1305 primis
1150 1210 1362 1305 argumentis

178 1335 414 1432 comprobavit
447 1335 637 1434 Apuleium
662 1360 753 1408 enno
777 1363 810 1435 p.
837 1334 917 1410 Chr.
945 1339 1016 1409 124
1041 1344 1164 1410 natum
1189 1363 1269 1414 esse.
1295 1339 1362 1414 Oui

178 1465 461 1539 commentationi
493 1490 554 1538 cur
587 1464 693 1538 fidem
727 1489 893 1561 negemus
926 1489 996 1537 non
1022 1472 1083 1540 est.
1110 1466 1225 1542 Quare
1251 1468 1279 1540 si
1302 1493 1361 1540 no·

178 1593 313 1678 biscum
337 1601 537 1693 reputemus
560 1594 709 1668 Saluiam
733 1593 849 1683 illam,
874 1594 918 1667 de
942 1619 1012 1690 qua
1035 1595 1072 1666 in
1098 1594 1242 1670 Metam.
1265 1596 1361 1669 libris

177 1749 287 1797 sermo
320 1733 389 1813 est,
424 1732 500 1823 post
532 1749 664 1798 annum
691 1728 1016 1812 monacnum,
1042 1723 1136 1796 haud
1160 1724 1259 1797 facile
1283 1725 1361 1822 quis

178 1852 266 1926 hanc
291 1852 420 1952 Apulei
444 1859 591 1926 matrem
615 1852 719 1925 fuisse
744 1851 925 1926 existimet.

226 1981 277 2054 Ex
315 1981 369 2054 his
405 1980 494 2054 illud
529 1980 683 2078 primum
717 1980 848 2053 efficere
881 1979 969 2052 mihi
997 1979 1132 2068 videor,
1157 1981 1268 2054 verbis
1292 1982 1360 2055 illis

177 2135 205 2184 c.
236 2116 275 2201 2,
302 2111 345 2183 de
370 2109 498 2207 quibus
521 2108 633 2182 omnis
657 2108 741 2181 baec
765 2108 953 2206 disputatio
979 2115 1049 2196 est,
1074 2109 1208 2181 nullam
1232 2109 1360 2208 Apulei

177 2264 258 2311 cum
283 2239 468 2312 Plutarcho
493 2238 731 2334 cognationem
753 2236 954 2334 significari,
967 2261 1080 2335 neque
1092 2236 1234 2310 omnino
1246 2239 1359 2311 ullum

176 2368 265 2441 inter
288 2369 379 2467 ipsos
404 2367 579 2464 sanguinis
603 2366 781 2439 vinculum
804 2365 1039 2440 intercessisse.

225 2496 302 2569 Iam
335 2495 513 2569 videamus
545 2520 629 2568 num
665 2493 768 2567 verba
791 2494 851 2566 ille
875 2503 1031 2592 suspecta
1058 2495 1147 2568 ultra
1170 2495 1270 2569 nobis
1294 2521 1358 2568 ser·

176 2625 287 2698 venda
319 2625 407 2714 sint;
443 2625 486 2697 de
520 2650 554 2697 se
586 2624 661 2721 ipso
695 2622 865 2721 Apuleius
894 2647 933 2696 ea
958 2623 1103 2697 scribere
1128 2648 1197 2696 non
1223 2624 1356 2723 potuit,

175 2778 288 2851 neque
320 2754 449 2849 magis,
464 2779 504 2826 ea
538 2752 691 2826 mutuari
723 2752 837 2849 potuit
861 2751 904 2824 ab
930 2759 1067 2825 auctore
1092 2777 1197 2849 quem
1221 2760 1357 2826 secutus

176 2890 245 2970 est,
283 2882 351 2955 sive
386 2882 415 2954 is
451 2881 626 2955 Lucienus
657 2879 725 2952 fuit
756 2879 825 2952 sive
859 2879 986 2952 Lucius
1019 2879 1208 2969 Patrensis3
1242 2880 1358 2954 inania

174 3009 281 3106 igitur
305 3017 387 3083 sunt
412 3016 446 3082 et
471 3008 685 3082 exoratione
711 3006 867 3083 delenda.

224 3137 362 3215 Quibus
385 3138 493 3234 igitur
517 3136 667 3234 expulsis
687 3136 893 3209 sententiam
906 3137 1017 3210 multo
1030 3137 1355 3235 plenioremfactam

175 3293 244 3340 esse
269 3267 457 3355 cernimus;
488 3265 558 3337 iam
584 3264 665 3337 satis
689 3289 860 3362 superque
884 3290 987 3338 causa
1010 3265 1141 3339 itineris
1167 3263 1267 3339 Lucii
1292 3266 1357 3362 sig·

173 3396 333 3469 nificatur
353 3394 465 3468 verbis
490 3419 556 3482 ‚aa
579 3392 744 3491 nepotio'’,
769 3394 818 3467 ita
843 3401 884 3466 ut
909 3394 1015 3467 altera
1035 3395 1123 3467 ratio
1146 3420 1233 3493 quae
1246 3394 1357 3468 verbis

174 3551 274 3614 „com
309 3532 343 3597 et
375 3525 466 3597 illic.
484 3583 491 3597 .
507 3520 540 3596 .''
574 3520 715 3594 affertur
747 3545 817 3594 non
851 3522 964 3594 solum
988 3521 1144 3595 abundet
1167 3523 1227 3595 sed
1252 3523 1356 3596 etiam

173 3654 315 3727 alteram
350 3653 524 3725 infirmare
561 3651 726 3725 videatur.
765 3650 880 3739 Quid,
920 3651 1014 3748 quod
1051 3650 1194 3724 ridicule
1231 3651 1357 3724 inserta

173 3780 318 3854 dicenda
341 3788 440 3868 sunt,
465 3779 627 3877 inspectis
653 3778 762 3852 verbis
783 3803 871 3875 quae
892 3777 939 3866 II,
963 3782 984 3852 3
1007 3779 1179 3874 leguntur.
1193 3777 1250 3851 lbi
1262 3778 1355 3850 enim

173 3909 387 4007 Byrrhaena,
421 3932 583 4005 germana
613 3905 714 3980 Lucii
738 3906 857 3980 matris
883 3931 993 3995 soror,
1018 3907 1137 4004 nepoti
1161 3930 1222 3979 suo
1247 3907 1356 4006 aperit

172 4063 279 4134 quam
311 4044 383 4110 arta
415 4035 629 4108 necessitudo
661 4036 751 4108 inter
784 4035 875 4134 ipsos
909 4034 1116 4110 intercedat:
1154 4036 1253 4132 „Epo
1279 4042 1312 4108 te
1337 4061 1356 4107 o

174 4167 259 4238 131111
290 4166 370 4238 meaa
400 4165 478 4237 etc
509 4161 658 4235 manibus
686 4164 841 4247 educavi,
866 4162 986 4260 quidni
1005 4163 1163 4258 pareatis
1189 4170 1268 4235 tuae
1291 4189 1354 4236 aaa

172 4295 264 4366 modo
299 4293 472 4390 scapulare
507 4317 618 4364 ceram
654 4292 888 4363 alimoniarum
925 4291 1026 4363 etiam
1064 4291 1164 4365 coac.
1206 4316 1281 4364 aaa
1320 4300 1354 4365 et

68 4491 71 4495 .
171 4423 306 4505 familia
340 4420 521 4506 Plutarchi
553 4417 670 4491 ambae
698 4425 886 4515 properatae
919 4443 1029 4492 eamus
1064 4426 1098 4491 et
1130 4421 1265 4492 eoadem
1290 4444 1352 4491 aa·
