3082 4988
672 401 794 470 ’53

224 588 418 660 Occurrunt
450 585 487 658 in
522 585 611 658 libro
643 583 698 657 XI
731 586 897 658 nonnulla
926 585 1017 658 dicta
1042 611 1131 680 quae
1155 583 1256 685 plane
1276 612 1353 660 con·

174 716 311 788 cordate
335 714 498 787 videntur
523 739 603 786 cum
629 714 671 786 iis
695 739 783 811 quae
809 713 853 785 de
877 713 1028 811 Apuleio
1048 714 1148 787 nobis
1167 722 1247 789 nota
1260 725 1353 800 sunt,

175 869 244 941 quo
274 843 405 916 factum
430 848 482 914 est
508 849 549 914 ut
575 851 609 914 et
634 843 671 914 in
696 841 761 914 hoc
786 841 874 914 libro
901 849 1062 940 putarent
1087 843 1285 943 scriptorem
1310 844 1354 916 de

173 997 233 1044 sua
255 971 326 1043 vita
346 969 516 1067 quaedam
537 993 692 1041 enarrare
713 968 876 1056 voluisse;
900 969 1037 1066 penitus
1058 994 1136 1042 vero
1156 995 1230 1043 rem
1249 970 1353 1068 inspi-

174 1099 344 1172 cientibus
368 1106 509 1196 apparet
534 1124 574 1170 ea
599 1124 687 1196 quae
711 1107 746 1171 et
770 1097 853 1170 alibi
877 1097 921 1170 ab
943 1097 1091 1194 Apuleio
1107 1099 1355 1171 confirmantur

174 1235 329 1302 accurate
366 1227 588 1299 discernenda
623 1252 694 1300 esse
728 1253 749 1300 a
784 1227 943 1324 reliquie,
981 1237 1069 1322 quae
1093 1226 1138 1298 ad
1162 1226 1352 1326 Apuleium

173 1382 308 1456 prorsus
346 1381 415 1429 non
449 1355 623 1454 pertinent
655 1356 715 1428 sed
748 1355 859 1428 solum
891 1354 1041 1426 Lucium
1074 1361 1247 1452 spectant3
1272 1352 1354 1427 illuc

172 1512 251 1558 vero
276 1512 315 1559 aa
340 1493 478 1558 tantum
502 1484 677 1558 referenda
702 1493 782 1557 sunt
807 1509 895 1581 quae
920 1483 963 1555 de
985 1483 1114 1580 Apulei
1129 1483 1356 1557 initiamentis

172 1614 209 1685 in
243 1614 404 1710 mysteria
435 1620 627 1686 narrantur.
664 1614 760 1690 Quas
793 1638 845 1685 res
870 1611 993 1684 Rohde
1018 1636 1087 1684 non
1114 1611 1272 1685 distinxit
1296 1613 1355 1685 sed

173 1740 270 1814 nullo
291 1741 487 1814 discrimine
506 1741 626 1814 habito
649 1748 760 1813 totam
773 1741 992 1839 posteriorem
1005 1740 1210 1814 narrationis
1222 1748 1356 1838 partem

174 1877 353 1966 tamquam
391 1871 435 1943 de
472 1870 620 1967 Apuleio
657 1870 786 1943 dictam
819 1869 952 1966 accipit.
988 1868 1094 1945 Quod
1126 1877 1168 1941 ut
1199 1870 1361 1967 exemplo·

175 1999 394 2086 confirmem,
429 1999 607 2071 contendit
639 1997 683 2070 ad
709 1997 899 2096 Apuleium
925 1997 1036 2069 solum
1061 1996 1230 2095 pertinere
1254 1996 1356 2069 verba

174 2152 263 2224 quae
287 2127 434 2223 legimus
455 2126 527 2215 XI,
551 2130 596 2200 30
621 2129 826 2216 „stadiorum
847 2125 1166 2198 meorcmlaboriosa
1180 2124 1355 2198 doctrinrr''

173 2265 207 2329 et
233 2257 437 2343 ‚alodiorum
457 2254 611 2352 ploria;''
638 2262 674 2328 at
697 2279 798 2350 rogo,
825 2280 886 2327 cur
909 2279 979 2327 non
1004 2255 1132 2327 Lucius
1147 2255 1279 2328 iuvenis
1297 2280 1356 2326 no·

169 2384 232 2456 bili
263 2407 385 2479 genere
416 2392 530 2472 ortus,
564 2393 605 2455 ut
636 2384 784 2480 legimus
816 2370 891 2472 III,
928 2389 971 2456 11
989 2391 1015 2475 ¹)
1041 2383 1167 2482 pariter
1190 2383 1297 2457 literis
1322 2390 1357 2456 et

173 2511 347 2585 doctrinae
371 2513 495 2584 studiis
519 2511 657 2585 deditus
681 2537 751 2584 esse
776 2515 932 2610 poterat?

223 2642 265 2712 In
291 2639 412 2712 eodem
437 2639 497 2713 lib.
523 2638 578 2711 XI
603 2646 693 2737 (pag.
722 2644 789 2713 22]
817 2648 852 2712 et
876 2645 945 2714 223
972 2641 1025 2716 ed.
1045 2639 1224 2738 Eyssenh.)
1242 2641 1357 2736 agitur

176 2768 219 2841 de
252 2777 453 2867 paupertate
483 2768 585 2841 Lucii
617 2775 708 2865 (pag.
745 2773 812 2843 22]
841 2825 958 2859 ......
986 2770 1100 2842 tenuis
1125 2766 1356 2867 patrimonio’'

174 2906 209 2967 et
245 2920 322 2992 pag.
351 2899 431 2969 Ι223
471 2956 588 2984 ......
628 2895 778 2968 viriculis
811 2895 1047 2994 patrimonii'')
1081 2902 1115 2968 et
1162 2902 1201 2967 ut
1233 2894 1357 2967 Rohde

176 3024 355 3121 opinatur:
384 3049 475 3114 „was
500 3048 566 3097 von
590 2999 652 3096 dor
677 3032 859 3122 paupertas
884 3025 944 3097 des
969 3023 1204 3096 Euellenden
1231 3022 1359 3095 berich·

175 3160 225 3225 tet
261 3153 365 3241 wird,
399 3152 490 3225 steht
523 3154 560 3224 in
593 3152 719 3225 ebenso
753 3152 1016 3249 vollstandigem
1048 3151 1293 3250 Widerspruch
1318 3177 1360 3224 au

176 3281 243 3352 den
285 3280 542 3353 Verhtltnissen
583 3281 642 3354 des
674 3280 803 3353 Lucius
836 3306 901 3354 von
933 3280 1104 3369 Kerinth‚
1140 3304 1207 3352 von
1240 3281 1360 3353 dessen

176 3408 355 3480 Herkunft
379 3433 440 3481 aus
464 3410 685 3481 vomehmem
711 3409 786 3481 und
810 3409 959 3482 reicbem
985 3408 1103 3481 Hause
1131 3408 1198 3480 mit
1208 3432 1360 3504 grossam

176 3538 386 3611 Nachdruck
417 3539 556 3635 geredet
589 3539 727 3611 worden
760 3539 806 3612 ist
838 3538 911 3630 (lib.
949 3540 1005 3627 II,
1040 3542 1061 3611 3
1097 3536 1171 3610 und
1196 3538 1272 3626 ΠΙ,
1299 3541 1362 3632 ll)

177 3665 226 3738 als
251 3691 286 3738 es
310 3667 372 3739 aul
392 3667 562 3765 Apuleius
586 3667 792 3740 vortrefflich
817 3666 945 3766 passt.''
971 3664 1095 3740 Fateor
1115 3666 1276 3762 equidem
1293 3665 1363 3738 Lu-

178 3795 271 3867 cium
297 3795 366 3867 dici
388 3795 500 3869 nobili
524 3796 598 3868 loco
623 3804 658 3868 et
682 3805 784 3892 gente
809 3796 995 3869 clarissima
1019 3802 1133 3866 ortum
1157 3794 1214 3885 (de
1234 3793 1364 3866 divitiis

179 3933 297 3996 autern
329 3923 437 4022 ipsius
470 3925 520 3997 nil
553 3923 726 4014 additur),
761 3923 820 3996 sed
854 3930 889 3995 et
921 3922 1090 4022 Apuleius
1124 3921 1274 3995 affirmat
1298 3920 1364 3993 sibi

131 4066 132 4069 ’
176 4051 280 4124 fuisse
314 4060 468 4148 ‚patrem
498 4054 567 4125 loco
588 4053 753 4148 principia
777 4053 1013 4124 duumviralem
1038 4052 1163 4123 cunctis
1189 4047 1364 4121 honoribus

215 4293 243 4362 l)
272 4292 332 4346 Lib.
361 4292 417 4361 111,
447 4292 496 4347 11:
528 4308 635 4360 „neque
661 4293 726 4346 tuae
745 4290 891 4362 dignitatis
912 4291 956 4345 vel
976 4291 1062 4345 etiam
1082 4288 1229 4360 prosapiae
1250 4293 1363 4344 tuorum

178 4381 268 4452 ignari
298 4401 407 4445 sumus,
436 4382 504 4437 Luci
534 4381 652 4436 domina.
681 4382 754 4435 Nam
777 4384 806 4437 et
825 4380 994 4452 provinciam
1013 4383 1104 4437 totam
1123 4379 1238 4435 inclitae
1257 4383 1366 4435 vestrae

181 4471 304 4528 familiae
324 4472 456 4527 nobilitas
476 4471 704 4543 complectitur.''
