3082 4988
745 376 790 446 22

173 561 343 659 positione
383 560 537 633 finxisset
576 561 775 634 Patrensem
813 561 849 633 in
888 561 980 659 ipsos
1012 585 1109 634 casus
1133 560 1372 652 incidentem,

173 714 260 786 quos
293 690 352 762 ille
386 688 495 761 alium
532 690 722 787 quemdam
757 689 935 762 hominem
960 689 1172 788 depinxisset
1196 690 1373 788 perferen·

173 826 264 904 tem;
290 826 325 889 et
349 816 501 914 profecto
526 817 673 890 irrisioni
699 818 815 891 locum
846 818 1057 915 praebuisset
1078 819 1373 917 metamorphosis

174 944 324 1018 hominis
358 944 539 1018 cuiusdam
572 945 609 1017 in
640 944 778 1017 asinum
804 944 1055 1032 transformati,
1083 945 1111 1016 si
1135 944 1200 1017 hoc
1225 945 1373 1018 evidens

174 1073 358 1145 discrimen
393 1071 559 1146 haberent
591 1071 681 1144 duae
705 1071 843 1144 fabulae
868 1071 982 1168 quod,
1010 1071 1072 1145 ubi
1096 1073 1190 1171 apud
1219 1071 1372 1146 *Lucia-

174 1225 261 1273 num
289 1199 462 1272 Patrensis
486 1224 613 1271 nomen
638 1199 827 1295 legeretur,
854 1199 891 1272 in
916 1199 1102 1297 archetypo
1123 1188 1251 1273 nomen
1272 1226 1372 1298 pror·

175 1354 233 1401 000
258 1328 383 1400 diversi
408 1327 559 1400 hominis
583 1327 814 1399 nesciocuius
836 1327 1004 1425 scriptum
1026 1336 1122 1402 esset.
1146 1328 1213 1400 Sed
1233 1328 1371 1418 fuitne,

175 1481 319 1553 quaeso,
353 1456 427 1552 ipse
461 1454 607 1527 Photius
640 1464 713 1527 tam
746 1454 870 1528 obtusa
896 1456 968 1527 acie
992 1463 1033 1529 ut
1056 1480 1100 1528 ne
1125 1464 1266 1530 tantum
1291 1460 1372 1556 qui·

176 1584 256 1656 dem
283 1582 467 1655 discrimen
493 1583 725 1681 perspexerit?
752 1584 833 1654 Non
858 1608 939 1655 sane
963 1583 1127 1656 credibile
1152 1593 1203 1657 est
1226 1585 1292 1657 hoo
1316 1585 1372 1658 la-

176 1719 247 1783 tere
280 1710 432 1808 potuisse
463 1709 641 1781 hominem
675 1710 737 1806 qui
769 1734 909 1781 omnem
942 1735 1082 1807 operam
1114 1711 1294 1785 adhiberet
1328 1721 1375 1787 ut

177 1838 319 1935 aliquod
361 1836 414 1909 vel
455 1837 668 1909 levissimum
709 1837 893 1910 discrimen
927 1838 1096 1911 inveniret
1129 1864 1199 1936 quo
1231 1839 1372 1914 nodum

178 1966 388 2063 quaestionis
420 1965 546 2037 solvere
572 1973 703 2061 posset,
729 1967 849 2062 etqui
874 1967 1000 2040 deinde
1026 1967 1114 2040 nihil
1139 1967 1288 2065 proferre
1313 1942 1391 2041 vas

178 2095 262 2167 leret
288 2092 356 2165 nisi
381 2093 463 2167 hoc:
492 2095 632 2179 corais
657 2094 779 2179 λέξεσι
805 2097 872 2169 καὶ
898 2096 1101 2184 συντάξεσι
1126 2096 1282 2168 fabulam
1307 2095 1371 2168 de-

178 2231 374 2296 truncatam
408 2247 488 2294 cum
524 2223 630 2295 altera
655 2223 860 2297 convenire?
886 2224 1042 2297 Profecto
1067 2229 1285 2322 compertum
1310 2224 1374 2297 ha·

178 2351 301 2424 bemus
326 2350 562 2423 Patriaroham
583 2351 797 2447 negligenter
813 2329 1035 2442 iudicavisse,
1058 2352 1118 2425 sed
1130 2378 1271 2458 caecum
1286 2377 1373 2426 eum

178 2479 283 2551 fuisse
310 2477 392 2550 inde
417 2502 486 2550 non
514 2479 679 2576 sequitur.

229 2592 346 2682 Quare
371 2632 483 2704 quum
509 2606 655 2679 Photius
679 2608 776 2680 nullo
801 2608 905 2680 verbo
931 2616 1179 2682 commemoret
1204 2616 1277 2681 tam
1303 2609 1374 2682 evi·

180 2735 264 2807 dens
298 2734 538 2808 narrationum
564 2734 767 2822 discrimen,
794 2735 889 2833 quod
914 2735 968 2808 vel
993 2736 1106 2809 solum
1132 2737 1373 2834 quaestionem

180 2863 308 2936 0010000
344 2871 476 2960 posset,
516 2864 650 2960 optimo
687 2864 761 2936 iure
799 2864 880 2936 inde
914 2864 1046 2937 efficere
1080 2863 1199 2938 licebit
1230 2864 1374 2937 nullum

181 2991 352 3064 eiusmodi
389 2990 573 3063 discrimen
606 2991 791 3080 exstitisse3
819 3017 1001 3089 quumque
1026 2991 1151 3064 deinde
1176 3015 1303 3087 magna
1327 2993 1375 3065 sit

86 3164 88 3168 >
180 3126 466 3216 argumentorum
491 3118 607 3215 copia,
635 3118 764 3215 quibus
788 3119 954 3217 probetur
975 3145 1057 3193 eum
1079 3120 1122 3192 de
1143 3120 1253 3192 colore
1273 3119 1374 3192 fabu-

181 3249 295 3321 larum
320 3246 403 3320 false
429 3246 650 3336 iudicavisse,
678 3255 752 3320 1010
775 3248 835 3320 1110
860 3248 997 3321 Rohdei
1018 3249 1062 3322 de
1082 3248 1224 3346 parodia
1242 3247 1373 3319 coniec-

182 3384 260 3449 tura
297 3375 419 3448 eversis
457 3375 621 3447 omnibus
658 3375 896 3448 fundamentis
935 3375 1059 3449 collabi
1098 3375 1186 3450 mihi
1223 3374 1371 3448 videtur.

182 3504 356 3577 Credibile
381 3528 451 3575 non
478 3511 528 3575 001
553 3503 690 3576 iocandi
714 3528 842 3599 genua,
869 3503 963 3600 quod
989 3504 1135 3599 fugisset
1159 3502 1375 3593 Photium,a

182 3632 321 3705 Rohdio
348 3630 560 3729 deprehendi
585 3633 754 3730 potuisse;
781 3632 833 3704 illi
858 3632 953 3704 enim
979 3632 1100 3704 ambas
1124 3631 1258 3703 fabulas
1283 3630 1375 3702 inter

184 3785 219 3833 00
251 3783 449 3857 comparare
484 3759 632 3848 licebat,
668 3760 750 3833 huic
784 3759 1026 3832 brevissimum
1059 3766 1198 3831 tantum
1233 3757 1374 3831 alterius

184 3894 381 3986 excerptum
425 3895 560 3985 praesto
598 3894 680 3962 erat.
719 3889 843 3984 Itaque
882 3888 1039 3984 quamvis
1074 3885 1376 3983 argumentatione

185 4015 314 4088 sollerti
347 4023 382 4087 et
417 4015 593 4111 ingeniosa
624 4015 749 4088 Rohde
781 4040 864 4087 usus
898 4015 960 4104 sit,
995 4014 1134 4088 maioris
1159 4023 1277 4086 tamen
1303 4037 1375 4086 mo·

186 4143 296 4216 menti
321 4143 385 4216 hac
405 4143 442 4216 in
467 4168 503 4216 re
528 4151 580 4216 001
604 4143 721 4215 Photii
746 4143 935 4216 silentium.

234 4271 310 4345 Etsi
334 4271 405 4344 iam
431 4271 513 4345 satis
537 4272 581 4344 de
604 4271 751 4344 Luciani
777 4270 887 4343 ironia
913 4271 1047 4344 dictum
1075 4271 1230 4359 videtur,
1257 4279 1375 4343 tamen

185 4424 296 4498 pauca
322 4398 448 4473 addere
465 4398 572 4474 lubet.
599 4398 787 4474 Quoddam
809 4398 1063 4473 adminiculum
1081 4399 1375 4495 argumentationi
