3082 4988
699 403 744 473 33

132 592 356 690 („Hymettos
387 589 526 663 Attica''
543 651 549 664 .
567 646 573 659 .
592 650 624 664 ..
659 597 735 678 etc,
771 589 840 664 vid.
877 612 954 686 pag.
991 592 1071 680 36);
1106 588 1204 686 atqui
1236 587 1315 660 Ma.

132 722 258 794 daurae
283 745 365 793 eum
390 727 513 792 natum
539 744 609 792 esse
634 717 774 791 aliunde
799 718 1016 816 compertum
1043 719 1221 792 habemus.
1247 717 1316 790 Ao-

129 849 222 922 cedit
245 848 342 947 quod
366 855 483 946 postea
508 847 581 938 (lib.
608 844 681 934 XI,
710 849 769 937 27)
795 847 890 920 idem
916 846 1020 936 „ille”
1048 847 1316 922 Madaurensem
1429 931 1432 936 ,

130 1003 166 1050 se
198 985 307 1051 vocat.
342 978 463 1053 Quum
498 976 607 1071 igitur
639 975 767 1048 indicia
803 976 863 1048 illa
895 976 938 1048 de
963 976 1093 1049 Graeca
1118 976 1248 1073 origine
1273 975 1317 1047 ad

129 1105 302 1194 Lucium,
337 1105 429 1202 prior
462 1129 539 1203 pars
573 1112 691 1177 contra
724 1104 845 1202 capitis
864 1105 898 1180 ,Ι
932 1111 966 1177 et
998 1104 1059 1179 lib.
1092 1103 1167 1192 XI,
1202 1106 1247 1177 27
1273 1102 1318 1175 ad

131 1236 324 1335 Apuleium
346 1234 516 1333 pertinere
541 1234 742 1322 videantur,
769 1233 853 1306 baec
878 1240 988 1307 exstat
1013 1233 1198 1306 difficultas
1224 1233 1319 1329 quod

131 1364 237 1436 varia¹
257 1362 317 1434 illa
349 1362 442 1434 dicta
473 1387 544 1435 non
569 1362 615 1435 ad
641 1362 786 1435 eandem
814 1387 995 1459 personam
1022 1361 1138 1433 referri
1163 1367 1316 1458 possunt.

63 1491 65 1494 ’
129 1493 193 1566 Nil
225 1492 354 1564 mirum
389 1491 497 1586 igitur
530 1491 558 1563 si
592 1491 772 1563 doctorum
809 1489 960 1562 virorum
986 1489 1189 1587 prodierunt
1214 1487 1319 1586 expli·

131 1620 233 1694 candi
257 1619 405 1693 rationes
430 1644 536 1716 quam
563 1619 712 1692 maxime
738 1619 828 1691 inter
849 1643 884 1690 se
906 1617 1154 1715 discrepantes,
1168 1641 1318 1713 quorum

133 1749 287 1848 plerique
312 1747 462 1820 Lucium
487 1747 683 1820 subiectum
708 1748 816 1821 totius
841 1746 974 1844 prologi
999 1770 1069 1818 esse
1090 1744 1321 1835 contendunt,

134 1901 247 1974 neque
277 1876 389 1950 ullum
422 1876 592 1949 indicium
627 1876 664 1948 in
691 1883 764 1948 tota
788 1876 906 1948 fabula
931 1874 977 1947 ἃᾶ
1000 1874 1191 1971 Apuleium
1219 1873 1321 1970 porti-

136 2030 214 2077 nere
238 2012 440 2079 asseverant.
468 2004 623 2077 Fuerunt
648 2013 765 2077 tamen
789 2004 851 2101 qui
875 2004 1117 2076 confirmarent
1137 2002 1318 2075 omniain-

133 2133 223 2207 dicia
247 2133 292 2206 ad
316 2133 433 2232 ipsum
459 2133 650 2231 Apuleium
676 2158 747 2205 esse
772 2131 948 2205 referenda
964 2131 1008 2223 ¹),
1037 2132 1164 2229 utqui
1187 2131 1225 2204 in
1245 2156 1321 2204 nar·

132 2261 265 2334 ratione
302 2287 364 2333 sua
393 2260 572 2333 materiem
604 2260 649 2333 ad
675 2260 915 2359 biographiam
940 2261 1147 2358 praebuerit.
1189 2260 1242 2332 Ex
1266 2259 1320 2332 his

132 2414 214 2488 prae
236 2389 356 2462 ceteris
376 2389 609 2462 nominandus
631 2397 683 2462 est
699 2389 843 2477 Rohde,
867 2389 929 2485 qui
950 2388 987 2460 in
1009 2388 1320 2479 commentatione,

131 2517 297 2617 inscripta
330 2519 381 2590 Ze
413 2518 574 2612 Apuleiae
607 2518 713 2608 (Mus.
749 2517 818 2591 Rb.
845 2522 891 2591 40
917 2544 952 2616 p.
981 2521 1026 2590 66
1052 2524 1141 2615 sqq.)
1167 2542 1220 2590 res
1246 2542 1320 2614 pro·

133 2646 217 2719 tulit
248 2646 312 2718 etsi
343 2671 467 2744 parum
492 2645 686 2743 probabiles
712 2646 899 2742 paucisque
924 2653 1078 2743 acceptas
1104 2652 1220 2718 tamen
1247 2645 1320 2741 dig·

132 2774 292 2848 nissimas
316 2799 405 2870 quae
430 2774 534 2846 etiam
562 2781 666 2871 atque
691 2774 797 2846 etiam
821 2774 1087 2848 considerentur.
1120 2773 1317 2869 Argumen-

132 2903 262 2976 tatione
286 2901 415 2975 sollerti
434 2901 494 2974 sed
514 2901 692 2975 interdum
711 2902 815 2975 nimis
837 2903 991 2998 quaesita
1004 2902 1104 2975 nobis
1116 2901 1320 3000 persuadere

133 3038 277 3104 conatur
301 3055 499 3129 personam,
528 3031 678 3128 quaein
705 3029 1029 3127 Metamorphoseon
1055 3029 1151 3103 libris
1177 3031 1321 3128 loquens

133 3159 388 3248 introducatur,
421 3159 538 3256 ipsum
563 3158 753 3256 Apuleium
779 3183 868 3246 esse,
896 3158 957 3254 qui
984 3165 1019 3231 et
1043 3158 1080 3230 in
1106 3159 1246 3257 prologo
1271 3159 1321 3231 in·

173 3477 201 3552 l)
220 3478 347 3534 Taurini
367 3477 434 3552 (ah.
453 3478 524 3533 Mus.
543 3477 589 3531 bd.
612 3477 644 3530 19
665 3494 728 3547 pag.
750 3476 816 3551 248)
835 3478 1038 3547 quodammodo
1058 3481 1155 3534 ambas
1176 3481 1320 3551 opiniones

135 3567 294 3636 coniunxit;
325 3585 408 3638 agens
437 3568 471 3622 de
495 3567 605 3621 iudiciis
625 3568 653 3619 in
674 3567 722 3621 lib.
742 3567 781 3622 XI
800 3568 883 3623 dicit:
906 3570 988 3623 »Mau
1009 3569 1074 3624 dart
1090 3571 1201 3625 hieraus
1219 3573 1320 3627 keinen

134 3659 322 3721 Rirckschlusz
352 3659 447 3714 eichen
477 3658 528 3712 auf
553 3658 602 3711 das
629 3657 863 3728 Vcrhergebende
884 3661 941 3713 und
961 3660 1034 3714 auch
1056 3660 1142 3716 dieses
1163 3661 1205 3715 als
1225 3662 1321 3727 Quelle

134 3749 181 3803 fiir
208 3749 254 3804 die
283 3749 435 3804 Kenntnisz
466 3765 518 3803 von
553 3749 716 3818 Appulejus'
746 3749 838 3804 Leben
868 3747 1048 3805 und'Person
1068 3751 1221 3819 benutzen;
1242 3753 1322 3807 nicht

134 3856 208 3894 ewsr
237 3841 301 3896 weil
330 3858 359 3895 es
388 3840 432 3894 ein
459 3839 615 3895 schlecbter
641 3839 814 3895 Geschmaclr
833 3847 905 3896 wire
926 3858 980 3896 von
1000 3842 1058 3896 sich
1079 3843 1170 3898 selber
1190 3843 1235 3898 die
1254 3844 1322 3898 Ver·

133 3931 287 4002 wandlung
305 3932 334 3985 in
354 3930 434 3985 einen
454 3931 519 3985 Esel
538 3930 596 3984 und
615 3947 644 3983 so
664 3932 782 3984 manche
802 3932 865 3985 sehr
884 3932 975 4002 weuig
993 3933 1321 3990 ehrenvolleErlebnisse

132 4019 165 4075 in
183 4020 272 4076 dieser
291 4019 402 4076 Gestalt
421 4040 454 4075 zu
475 4020 602 4075 erzahlen
625 4051 658 4061 -
680 4020 752 4074 denn
771 4020 821 4075 das
839 4027 911 4077 wtire
922 4021 1275 4079 schlieszlichindividuell
1287 4056 1320 4066 -

133 4111 254 4168 sondern
282 4112 347 4167 weil
375 4111 420 4166 die
446 4113 587 4182 Ausragen
607 4111 676 4165 iiber
696 4111 741 4165 die
761 4111 895 4167 Heimath
916 4112 964 4167 des
982 4112 1133 4167 Redenden
1154 4114 1203 4167 aut
1221 4114 1321 4169 beiden

134 4202 230 4258 Seiten
255 4203 299 4269 (B.
318 4203 395 4257 I-X
421 4203 477 4256 und
497 4202 649 4257 anderseits
669 4202 699 4256 B.
719 4201 770 4275 XI)
789 4203 1026 4274 schlecbterdings
1045 4204 1231 4260 unvereinbar
1249 4205 1321 4259 sind.
1422 4262 1424 4266 ,

134 4291 197 4347 wir
224 4293 335 4348 lrilnnen
364 4293 451 4349 daher
477 4294 507 4347 in
536 4292 599 4347 dem
629 4292 849 4363 kunstwidrigen
879 4293 1056 4365 Eindriingen
1084 4294 1132 4348 der
1152 4295 1254 4349 Person
1274 4295 1322 4350 des

134 4383 350 4440 Schriltstellers
379 4384 408 4438 in
438 4384 515 4440 Bueh
544 4383 582 4438 XI
610 4401 663 4437 nur
687 4383 767 4438 einen
792 4385 955 4456 Fingerzeig
975 4385 1130 4452 erblicken‚
1152 4384 1214 4440 dass
1234 4386 1323 4441 dieser

135 4474 218 4532 Tbeil
237 4507 271 4517 -
292 4476 350 4530 und
369 4493 421 4530 nur
440 4476 530 4530 dieser
551 4505 584 4516 -
605 4474 897 4530 Selbstbelrenntnisse
916 4477 1072 4533 enthalte.’'
1147 4552 1164 4598 3
