3082 4988
749 378 796 452 37

180 573 313 657 tarum,
347 566 514 640 nimirum
545 567 662 665 ipsum
685 565 896 664 Apuleium,
923 565 1000 662 qui
1025 564 1188 638 saltem
1212 564 1257 636 in
1282 561 1360 636 hac

180 695 344 768 exordii
362 702 484 791 parte
506 719 598 767 cum
619 691 752 767 Lucio
772 695 1003 792 permutari
1024 693 1220 767 noluerit.
1244 691 1360 765 Diser-

179 826 223 898 tis
247 824 358 897 verbis
384 824 469 897 dicit
495 824 555 912 „in
577 823 641 895 hac
666 821 784 920 parte''
810 805 956 911 exordii3
984 848 1065 895 mox
1088 822 1200 912 enim,
1225 829 1361 895 mutato

178 953 337 1041 consili0‚
360 953 508 1052 Apuleio
528 952 592 1025 sub
614 951 714 1024 Lucii
735 977 877 1049 persona
898 977 932 1024 se
953 952 1069 1050 ipsum
1091 952 1298 1025 substituere
1322 953 1361 1025 li·

178 1082 310 1170 buisse3
334 1106 422 1178 quae
434 1081 542 1176 igitur
554 1088 669 1153 narrat
683 1079 726 1152 de
739 1079 847 1152 Lucio
861 1081 1031 1179 pertinere
1044 1081 1088 1153 ad
1102 1106 1136 1153 se
1146 1074 1266 1178 ipsum
1279 1107 1360 1154 eum

179 1210 333 1284 voluisse.
363 1210 536 1298 Fortasse,
562 1208 686 1280 Rohde
711 1209 842 1306 pergit,
872 1209 1098 1282 translate
1120 1210 1162 1281 de
1175 1233 1361 1305 sequoque

177 1339 214 1412 id
247 1338 354 1438 accipi
387 1337 513 1427 voluit;
546 1337 726 1409 Graeciam
760 1337 872 1426 enim,
905 1336 968 1409 ubi
1001 1338 1138 1411 tamdiu
1166 1336 1303 1418 vixisset
1327 1346 1360 1409 et

176 1468 315 1562 linguae
351 1466 614 1561 litterarumque
650 1465 791 1537 scientia
828 1464 987 1537 imbutus
1020 1472 1125 1552 esset,
1161 1466 1361 1564 metaphora

177 1621 259 1669 usus
287 1601 458 1684 „veterem
483 1593 700 1691 prosapiam”
724 1592 855 1691 optime
881 1618 962 1665 eum
983 1592 1094 1665 dicere
1115 1593 1360 1690 potuisseexis·

176 1724 288 1798 timat.
329 1724 371 1795 In
405 1721 624 1794 annotatione
658 1721 774 1796 addit:
810 1727 922 1813 „etwa
946 1722 996 1794 im
1021 1722 1127 1794 Sinne
1151 1723 1211 1795 des
1236 1722 1361 1795 Isocra·

177 1852 328 1925 teischen
353 1853 397 1925 τὸ
422 1851 498 1924 τὼν
519 1850 702 1940 Ἑλλήνων
728 1851 851 1942 ὄνομα
878 1852 1005 1924 οὐκέτι
1027 1859 1093 1926 τοῦ
1114 1857 1248 1951 γένους
1266 1852 1361 1926 111111

175 1994 243 2074 τῆς
275 1980 456 2066 διανοίας
488 1979 599 2054 δοκεῖ
625 1979 729 2055 εἶναι
761 2007 795 2054 u.
811 2007 836 2054 1.
852 1980 917 2054 W.'’
952 1981 1064 2054 Facile
1098 1987 1215 2054 autem
1248 1982 1361 2079 quivis

176 2111 263 2184 milri
300 2111 463 2184 concedet
495 2112 539 2183 τὸ
572 2118 648 2185 τῶν
682 2111 866 2200 Ἑλλήνων
902 2110 1027 2201 ὄνομα
1055 2111 1156 2207 longe
1181 2109 1360 2183 differrea

176 2242 304 2330 „veteri
327 2240 484 2338 prosapia
494 2239 527 2329 ,''
554 2248 589 2312 11
615 2239 768 2312 multum
793 2240 955 2313 interesse
979 2248 1098 2312 utrum
1120 2239 1360 2336 aliquishomo

175 2368 371 2460 „Graecus”
405 2395 450 2441 an
487 2369 547 2456 „in
581 2367 699 2440 Attica
732 2378 766 2439 et
799 2368 836 2439 in
872 2366 1006 2440 Isthmo
1040 2366 1183 2440 vixisse''
1214 2367 1359 2443 dicatur.

175 2495 316 2584 Rohde,
352 2497 414 2595 qui
445 2496 517 2595 ipse
550 2520 674 2591 negare
705 2520 775 2567 non
809 2495 924 2593 potuit
957 2495 1220 2594 explicationem
1253 2522 1359 2592 quam

176 2625 316 2697 dederat
345 2625 444 2697 valde
477 2649 547 2697 esse
580 2623 801 2720 ambiguam,
832 2649 906 2697 rem
932 2624 1091 2722 expedire
1115 2633 1258 2697 conatur
1282 2650 1359 2698 con-

175 2753 348 2826 tendendo
374 2753 563 2851 Apuleium
590 2753 806 2825 consulto
831 2753 1081 2851 ancipitem
1107 2777 1358 2825 sermonem

175 2883 265 2956 sibi
302 2883 540 2956 effinxisse
573 2907 659 2981 quo
696 2882 860 2955 lectori
884 2883 1036 2954 fucum
1063 2883 1253 2970 faceret3
1281 2908 1358 2954 con-

174 3012 264 3084 sulto
296 3012 403 3108 igitur
434 3037 516 3083 eum
547 3012 651 3084 verba
675 3013 759 3084 talia
784 3011 923 3108 elegisse
948 3036 992 3083 ne
1016 3012 1121 3084 leetor
1145 3011 1182 3083 in
1207 3011 1358 3106 imagine

175 3138 341 3212 nebulosa
365 3147 400 3211 et
425 3140 566 3212 confusa
591 3165 751 3238 personas
778 3126 1001 3235 dignosceret.

222 3267 279 3340 Ad
312 3267 482 3340 infelicem
518 3268 750 3341 coniecturam
782 3267 906 3340 Rohde
939 3267 972 3342 h.
999 3268 1021 3342 1.
1052 3267 1203 3341 recurrit.
1231 3267 1358 3363 Ecquis

174 3397 266 3469 enim
301 3396 417 3468 credat
449 3396 639 3493 Apuleium
673 3421 787 3468 revera
815 3402 887 3467 tam
914 3395 1093 3468 insolitum
1118 3403 1260 3492 tamque
1285 3420 1358 3492 per·

173 3527 314 3625 plexum
339 3526 521 3599 consilium
546 3526 612 3599 sibi
636 3525 875 3624 proposuisse?
903 3525 953 3596 Ut
977 3524 1146 3614 vidimus,
1170 3550 1210 3598 ea
1230 3524 1358 3598 indicia

173 3655 326 3728 locorum
348 3654 451 3727 allata
464 3664 564 3742 sunt,
579 3680 620 3726 ex
633 3654 761 3751 quibus
774 3653 863 3726 effici
875 3661 965 3726 certe
978 3654 1085 3751 possit
1105 3653 1184 3726 ubi
1203 3660 1358 3726 narrator

173 3783 340 3882 pueritiae
364 3808 471 3855 annos
496 3783 646 3879 degerit,
673 3792 707 3855 et
732 3782 1356 3872 11111111111111111111111111111)

172 3913 250 3985 ideo
275 3936 346 3983 non
370 3911 450 4004 lieet
473 3935 597 4007 negare
621 3911 715 4008 quod
740 3910 815 4010 ipsa
840 3910 941 3982 verba
962 3910 1042 3982 satis
1055 3910 1242 3983 ostendunt
1255 3935 1357 3983 omne

172 4041 354 4114 eonsilium
390 4038 552 4112 translate
587 4038 753 4136 loquendi
789 4038 905 4111 abesse
941 4037 1139 4134 indiciaque
1175 4039 1278 4111 allata
1312 4038 1356 4111 ad

173 4248 373 4260 ——-..-..--—-

210 4354 239 4429 1)
258 4356 360 4411 Ronnn
387 4355 532 4426 opinatur:
563 4355 707 4410 r....die
736 4353 913 4426 Einleitung‚
943 4353 987 4407 die
1012 4352 1071 4409 sich
1098 4351 1217 4426 offendar
1238 4371 1287 4407 nur
1306 4353 1362 4421 nus

173 4447 298 4521 Apuleius
316 4446 404 4501 selbst
423 4444 533 4503 benieht
545 4487 552 4502 .
563 4487 569 4500 .
581 4485 587 4503 .
600 4445 616 4468 ”
