3082 4988
741 353 786 422 56

173 541 284 614 dictae
335 547 536 629 narrantur,
575 566 680 638 quare
717 565 930 638 quamquam
967 541 1135 614 affirmare
1169 567 1239 616 non
1276 545 1357 618 licet

173 671 288 768 plnres
320 671 363 743 ab
397 696 438 744 eo
469 695 539 744 non
574 696 645 744 esse
679 678 789 759 actas,
823 678 939 743 tamen
971 695 1084 768 neque
1117 671 1197 745 licet
1229 697 1271 745 ex
1301 673 1355 747 bis

174 805 313 871 tantum
338 799 475 873 duobus
499 800 705 873 testimoniis
729 800 860 872 efficere
886 799 975 871 locos
999 800 1098 872 hosce
1122 801 1234 873 solum
1259 803 1355 900 Apu·

172 927 280 1000 leium
313 937 463 1025 spectare
497 954 647 1027 eumque
679 929 892 1002 causidicum
924 927 1037 1002 fuisse.
1073 929 1125 1001 'llx
1158 930 1238 1002 locis
1269 957 1355 1028 quos

174 1054 392 1129 Hildebrand
431 1058 622 1155 complures
660 1057 743 1131 citat
781 1083 821 1129 ex
860 1056 1028 1154 Apologia
1060 1065 1096 1129 et
1127 1057 1273 1132 Floridis
1305 1061 1356 1133 nil

175 1184 242 1257 nisi
280 1184 353 1258 eius
379 1185 540 1259 facundia
565 1193 676 1284 patet3
702 1185 803 1284 plane
828 1184 991 1257 assentior
1015 1184 1253 1259 Goldbachero
1277 1187 1358 1260 inde

174 1312 211 1385 id
246 1319 385 1386 tantum
417 1338 514 1411 posse
547 1314 679 1410 colligi:
715 1313 905 1412 Apuleium
935 1313 1096 1386 rhetorem
1129 1321 1163 1386 et
1186 1315 1355 1409 sophisten

174 1441 288 1517 fuisse.

224 1572 384 1669 Denique
403 1597 546 1671 quaero:
570 1573 598 1645 si
618 1571 787 1670 Apuleius
807 1571 844 1643 in
858 1571 945 1643 Foro
956 1570 1149 1669 quidquam
1162 1572 1357 1670 eloquentia

175 1700 353 1790 valuisset,
387 1726 501 1774 nonne
533 1701 582 1774 ita
613 1709 654 1774 ut
679 1725 797 1773 omnes
821 1700 940 1773 laudes
964 1699 1175 1798 honoresque
1200 1725 1278 1774 suos
1303 1727 1356 1774 co·

175 1829 268 1927 piose
302 1837 336 1902 et
367 1838 522 1902 accurate
553 1804 707 1903 enarrare
732 1836 844 1917 amat,
870 1829 919 1901 ita
943 1829 1031 1902 hanc
1056 1853 1195 1926 quoque
1219 1829 1356 1903 dicendi

174 1956 375 2029 facultatem
407 1958 614 2031 nominatim
648 1957 834 2030 memoriae
867 1956 1096 2054 prodidisset?
1120 1956 1171 2030 Ut
1194 1958 1357 2031 iaetantia

176 2085 240 2157 viri
264 2093 423 2159 cernatur
447 2086 518 2158 iam
543 2086 713 2158 sufficient
737 2085 837 2160 haec:
863 2085 952 2160 Flor.
980 2090 1021 2174 9,
1047 2088 1111 2160 37:
1135 2090 1272 2178 ,fateor
1292 2111 1355 2159 nno

179 2215 350 2287 chartario
382 2216 510 2286 enlnrno
534 2239 586 2286 me
611 2219 745 2310 reficere
765 2223 922 2310 poemata
948 2219 1151 2311 omnipenns,
1180 2223 1263 2310 apte
1287 2216 1355 2287 oir-

172 2366 260 2437 pm,
294 2343 408 2438 lpnm,
441 2367 550 2432 roceo,
576 2344 752 2430 eollnnno,
777 2345 857 2414 item
882 2344 1010 2414 catinos
1034 2368 1074 2414 ne
1092 2345 1249 2439 pniphoa,
1275 2345 1356 2415 item

179 2471 337 2542 lictoriae
369 2472 484 2544 venian
516 2495 644 2558 rernm,
675 2495 821 2543 necnon
847 2472 1014 2543 orationes
1039 2472 1198 2543 lnndntns
1223 2473 1358 2544 disertis

179 2624 238 2671 nee
272 2624 335 2671 non
369 2601 518 2697 dinlopoe
550 2602 706 2674 lnndntoa
733 2600 958 2696 philosoplis,
993 2609 1095 2697 ntqne
1120 2599 1200 2673 laec
1228 2608 1261 2674 et
1286 2602 1358 2673 elin

182 2730 323 2800 eimden
361 2730 448 2801 nodi
485 2736 553 2801 tnnn
586 2753 706 2827 praece
744 2753 841 2825 qnam
875 2729 1027 2802 latine..
1045 2789 1076 2802 ..
1111 2730 1213 2801 simili
1244 2728 1357 2804 atil0.''
1403 2809 1407 2814 ,

179 2856 316 2930 Ibidem
351 2862 390 2945 9,
425 2862 490 2933 3];
518 2860 642 2953 „pinne
667 2883 739 2930 rnen
764 2866 884 2930 entant
907 2860 943 2929 in
971 2858 1123 2931 Camenis
1147 2883 1244 2956 qnam
1269 2857 1359 2954 Hip·

175 2986 258 3078 piae
280 2986 316 3056 in
341 2986 481 3081 opn'stciic
505 2984 640 3080 openn.'’
667 2985 804 3059 lbidem
831 2990 895 3074 20,
918 2989 982 3061 98:
1005 2989 1121 3074 „canit
1143 2989 1360 3081 Empedoclen

180 3116 350 3205 carmina,
397 3115 502 3187 Pluto
549 3116 716 3212 dinlopoe,
756 3116 912 3188 Socrates
948 3116 1099 3212 hymnos,
1137 3117 1360 3212 Epicdnnnnc

180 3235 308 3334 nodos,
345 3242 525 3338 Xenophon
557 3244 734 3332 lictoriae,
772 3243 991 3339 Xenophanes
1022 3246 1170 3317 antinno:
1200 3247 1361 3339 Apnleine

181 3380 288 3446 nester
320 3373 402 3445 inec
427 3373 537 3445 omnin
562 3397 737 3470 nocenqne
760 3374 875 3447 Mnenr
894 3374 976 3468 peni
1000 3373 1110 3445 studio
1134 3372 1245 3447 cnlil.''
1272 3373 1362 3446 Satis

182 3512 221 3577 ut
258 3504 379 3602 opinor
415 3529 456 3576 ex
490 3502 543 3575 his
577 3510 719 3600 apparet
751 3526 820 3574 non
853 3526 933 3574 eum
957 3501 1060 3574 finisse
1084 3501 1274 3600 Apuleium
1299 3501 1361 3600 qui

180 3632 278 3705 facile
303 3631 525 3704 absconderet
549 3656 620 3728 quo
644 3630 781 3727 gloriari
805 3637 928 3728 posset.

229 3760 424 3848 Postrem0,
459 3768 500 3833 ut
532 3759 772 3857 promisimus,
804 3758 1038 3857 expendamus
1062 3757 1208 3854 Bi'ngeri
1231 3758 1360 3855 opinio·

65 3901 67 3904 ⁴
180 3914 280 3977 nem,
319 3888 380 3986 qni
421 3888 599 3961 contendit
635 3887 774 3960 unicam
807 3887 899 3960 viam
927 3886 1212 3985 perturbationis,
1238 3911 1257 3959 e
1282 3911 1361 3958 voce

181 4015 490 4106 „Madaurensem”
525 4024 654 4104 ortam,
689 4015 921 4112 expediendae
946 4015 1033 4088 hanc
1057 4040 1145 4089 esse:
1172 4014 1361 4113 Apuleium

181 4154 242 4219 aut
275 4145 347 4218 sine
379 4144 519 4217 nomine
550 4152 612 4216 aut
644 4143 708 4217 sub
739 4133 850 4215 alieno
875 4142 1015 4215 nomine
1039 4142 1375 4240 Metamorphoseon¹

169 4274 286 4346 libros
311 4271 466 4346 edidisse.
497 4272 610 4369 Atque
635 4273 684 4345 ita
707 4273 811 4345 sentit
835 4270 918 4367 quia
936 4270 973 4342 in
993 4269 1091 4343 libris
1114 4270 1365 4368 manuscriptis

182 4399 505 4497 Metamorphoseon
543 4398 673 4496 ubique
711 4399 914 4499 subscriptio
948 4398 1097 4472 nominis
1129 4399 1361 4488 desideratur,
