<?xml version="1.0" encoding="UTF-8"?>
<!DOCTYPE html PUBLIC "-//W3C//DTD XHTML 1.0 Transitional//EN"
    "http://www.w3.org/TR/xhtml1/DTD/xhtml1-transitional.dtd">
<html xmlns="http://www.w3.org/1999/xhtml" xml:lang="en" lang="en">
 <head>
  <title>
</title>
<meta http-equiv="Content-Type" content="text/html;charset=utf-8" />
  <meta name='ocr-system' content='tesseract 3.04.00' />
  <meta name='ocr-capabilities' content='ocr_page ocr_carea ocr_par ocr_line ocrx_word'/>
</head>
<body>
  <div class='ocr_page' id='page_1' title='image "./derationequaees00deegoog_0040.png"; bbox 0 0 3082 4988; ppageno 0'>
   <div class='ocr_carea' id='block_1_1' title="bbox 752 369 796 438">
    <p class='ocr_par' dir='ltr' id='par_1_1' title="bbox 752 369 796 438">
     <span class='ocr_line' id='line_1_1' title="bbox 752 369 796 438; baseline 0 0"><span class='ocrx_word' id='word_1_1' title='bbox 752 369 796 438; x_wconf 87' lang='lat'>35</span> 
     </span>
    </p>
   </div>
   <div class='ocr_carea' id='block_1_2' title="bbox 135 543 1461 4509">
    <p class='ocr_par' dir='ltr' id='par_1_2' title="bbox 179 543 1363 1555">
     <span class='ocr_line' id='line_1_2' title="bbox 182 543 1362 650; baseline 0.008 -29"><span class='ocrx_word' id='word_1_2' title='bbox 182 549 336 623; x_wconf 77' lang='lat' dir='ltr'>Patrensi</span> <span class='ocrx_word' id='word_1_3' title='bbox 364 558 546 649; x_wconf 89' lang='lat' dir='ltr'>usurpata,</span> <span class='ocrx_word' id='word_1_4' title='bbox 573 543 694 624; x_wconf 84' lang='lat' dir='ltr'>eodem</span> <span class='ocrx_word' id='word_1_5' title='bbox 718 553 822 625; x_wconf 91' lang='lat' dir='ltr'>modo</span> <span class='ocrx_word' id='word_1_6' title='bbox 847 578 917 650; x_wconf 94' lang='lat' dir='ltr'>quo</span> <span class='ocrx_word' id='word_1_7' title='bbox 941 555 978 627; x_wconf 87' lang='lat' dir='ltr'>in</span> <span class='ocrx_word' id='word_1_8' title='bbox 1002 555 1102 629; x_wconf 91' lang='lat' dir='ltr'>initio</span> <span class='ocrx_word' id='word_1_9' title='bbox 1128 557 1272 631; x_wconf 90' lang='lat' dir='ltr'>titulum</span> <span class='ocrx_word' id='word_1_10' title='bbox 1297 584 1362 631; x_wconf 87' lang='lat' dir='ltr'>res-</span> 
     </span>
     <span class='ocr_line' id='line_1_3' title="bbox 181 679 1363 785; baseline 0.008 -34"><span class='ocrx_word' id='word_1_11' title='bbox 181 679 308 778; x_wconf 79' lang='lat' dir='ltr'>piciens</span> <span class='ocrx_word' id='word_1_12' title='bbox 341 681 529 778; x_wconf 78' lang='lat' dir='ltr'>scripserit:</span> <span class='ocrx_word' id='word_1_13' title='bbox 566 680 806 780; x_wconf 74' lang='grc' dir='ltr'><em>ἂνεγνώσθη·</em></span> <span class='ocrx_word' id='word_1_14' title='bbox 841 686 1009 758; x_wconf 77' lang='grc' dir='ltr'><em>Λουκίου</em></span> <span class='ocrx_word' id='word_1_15' title='bbox 1041 687 1224 785; x_wconf 79' lang='grc' dir='ltr'><strong><em>Πατρέως</em></strong></span> <span class='ocrx_word' id='word_1_16' title='bbox 1249 716 1363 782; x_wconf 81' lang='grc' dir='ltr'><strong><em>μετα-</em></strong></span> 
     </span>
     <span class='ocr_line' id='line_1_4' title="bbox 179 811 1363 913; baseline 0.004 -29"><span class='ocrx_word' id='word_1_17' title='bbox 179 815 408 909; x_wconf 79' lang='grc' dir='ltr'><em>μορφώσεων</em></span> <span class='ocrx_word' id='word_1_18' title='bbox 441 812 558 910; x_wconf 78' lang='grc' dir='ltr'><strong><em>λόγοι.</em></strong></span> <span class='ocrx_word' id='word_1_19' title='bbox 593 811 772 903; x_wconf 82' lang='lat' dir='ltr'>(Consulto</span> <span class='ocrx_word' id='word_1_20' title='bbox 803 811 881 884; x_wconf 88' lang='lat' dir='ltr'>dico</span> <span class='ocrx_word' id='word_1_21' title='bbox 905 838 986 885; x_wconf 92' lang='lat' dir='ltr'>eum</span> <span class='ocrx_word' id='word_1_22' title='bbox 1011 816 1194 913; x_wconf 87' lang='lat' dir='ltr'>respexisse</span> <span class='ocrx_word' id='word_1_23' title='bbox 1219 817 1363 891; x_wconf 89' lang='lat' dir='ltr'>titulum</span> 
     </span>
     <span class='ocr_line' id='line_1_5' title="bbox 179 940 1363 1041; baseline 0.002 -25"><span class='ocrx_word' id='word_1_24' title='bbox 179 969 293 1041; x_wconf 90' lang='lat' dir='ltr'>neque</span> <span class='ocrx_word' id='word_1_25' title='bbox 326 942 556 1030; x_wconf 78' lang='lat' dir='ltr'>transtulisse,</span> <span class='ocrx_word' id='word_1_26' title='bbox 591 941 673 1038; x_wconf 87' lang='lat' dir='ltr'>quia</span> <span class='ocrx_word' id='word_1_27' title='bbox 698 942 755 1014; x_wconf 84' lang='lat' dir='ltr'>vix</span> <span class='ocrx_word' id='word_1_28' title='bbox 779 940 903 1014; x_wconf 92' lang='lat' dir='ltr'>dubito</span> <span class='ocrx_word' id='word_1_29' title='bbox 931 942 1100 1039; x_wconf 84' lang='lat' dir='ltr'>quirillo</span> <span class='ocrx_word' id='word_1_30' title='bbox 1126 945 1250 1017; x_wconf 89' lang='lat' dir='ltr'>titulus</span> <span class='ocrx_word' id='word_1_31' title='bbox 1275 945 1363 1017; x_wconf 84' lang='lat' dir='ltr'>indi-</span> 
     </span>
     <span class='ocr_line' id='line_1_6' title="bbox 180 1068 1363 1167; baseline 0 -23"><span class='ocrx_word' id='word_1_32' title='bbox 180 1071 306 1144; x_wconf 91' lang='lat' dir='ltr'>caverit</span> <span class='ocrx_word' id='word_1_33' title='bbox 329 1096 515 1143; x_wconf 91' lang='lat' dir='ltr'>numerum</span> <span class='ocrx_word' id='word_1_34' title='bbox 540 1079 618 1143; x_wconf 84' lang='grc' dir='ltr'>τῶν</span> <span class='ocrx_word' id='word_1_35' title='bbox 643 1070 783 1167; x_wconf 79' lang='grc' dir='ltr'><em>λόγων,</em></span> <span class='ocrx_word' id='word_1_36' title='bbox 809 1068 953 1142; x_wconf 93' lang='lat' dir='ltr'>Photius</span> <span class='ocrx_word' id='word_1_37' title='bbox 974 1078 1091 1143; x_wconf 89' lang='lat' dir='ltr'>autem</span> <span class='ocrx_word' id='word_1_38' title='bbox 1104 1072 1150 1144; x_wconf 75' lang='lat' dir='ltr'>&#39;in</span> <span class='ocrx_word' id='word_1_39' title='bbox 1163 1072 1277 1146; x_wconf 91' lang='lat' dir='ltr'>locum</span> <span class='ocrx_word' id='word_1_40' title='bbox 1290 1073 1363 1145; x_wconf 92' lang='lat' dir='ltr'>eius</span> 
     </span>
     <span class='ocr_line' id='line_1_7' title="bbox 179 1196 1363 1300; baseline 0.003 -29"><span class='ocrx_word' id='word_1_41' title='bbox 179 1199 317 1272; x_wconf 91' lang='lat' dir='ltr'>numeri</span> <span class='ocrx_word' id='word_1_42' title='bbox 336 1199 544 1271; x_wconf 87' lang='lat' dir='ltr'>vocabulum</span> <span class='ocrx_word' id='word_1_43' title='bbox 565 1197 747 1294; x_wconf 79' lang='grc' dir='ltr'><em>διάφοροι</em></span> <span class='ocrx_word' id='word_1_44' title='bbox 769 1196 1012 1288; x_wconf 86' lang='lat' dir='ltr'>substituerit.)</span> <span class='ocrx_word' id='word_1_45' title='bbox 1025 1199 1150 1296; x_wconf 89' lang='lat' dir='ltr'>Itaque</span> <span class='ocrx_word' id='word_1_46' title='bbox 1162 1201 1313 1300; x_wconf 88' lang='lat' dir='ltr'>suspicor</span> <span class='ocrx_word' id='word_1_47' title='bbox 1325 1201 1363 1274; x_wconf 89' lang='lat' dir='ltr'>in</span> 
     </span>
     <span class='ocr_line' id='line_1_8' title="bbox 181 1326 1363 1427; baseline 0.001 -26"><span class='ocrx_word' id='word_1_48' title='bbox 181 1328 377 1401; x_wconf 90' lang='lat' dir='ltr'>testimonio</span> <span class='ocrx_word' id='word_1_49' title='bbox 410 1326 526 1399; x_wconf 90' lang='lat' dir='ltr'>Photii</span> <span class='ocrx_word' id='word_1_50' title='bbox 550 1328 649 1400; x_wconf 91' lang='lat' dir='ltr'>nobis</span> <span class='ocrx_word' id='word_1_51' title='bbox 676 1334 807 1400; x_wconf 87' lang='lat' dir='ltr'>servata</span> <span class='ocrx_word' id='word_1_52' title='bbox 834 1352 904 1423; x_wconf 89' lang='lat' dir='ltr'>esse</span> <span class='ocrx_word' id='word_1_53' title='bbox 928 1329 1032 1401; x_wconf 86' lang='lat' dir='ltr'>verba</span> <span class='ocrx_word' id='word_1_54' title='bbox 1056 1329 1165 1427; x_wconf 89' lang='lat' dir='ltr'>ipsius</span> <span class='ocrx_word' id='word_1_55' title='bbox 1191 1327 1363 1403; x_wconf 85' lang='lat' dir='ltr'>Patrensis</span> 
     </span>
     <span class='ocr_line' id='line_1_9' title="bbox 179 1456 1236 1555; baseline 0.004 -28"><span class='ocrx_word' id='word_1_56' title='bbox 179 1456 337 1552; x_wconf 91' lang='lat' dir='ltr'>quamvis</span> <span class='ocrx_word' id='word_1_57' title='bbox 361 1480 471 1552; x_wconf 86' lang='lat' dir='ltr'>pauca</span> <span class='ocrx_word' id='word_1_58' title='bbox 495 1463 612 1527; x_wconf 89' lang='lat' dir='ltr'>tamen</span> <span class='ocrx_word' id='word_1_59' title='bbox 637 1456 789 1550; x_wconf 90' lang='lat' dir='ltr'>genuina</span> <span class='ocrx_word' id='word_1_60' title='bbox 812 1456 866 1528; x_wconf 88' lang='lat' dir='ltr'>vel</span> <span class='ocrx_word' id='word_1_61' title='bbox 888 1456 1047 1551; x_wconf 86' lang='lat' dir='ltr'>genuinis</span> <span class='ocrx_word' id='word_1_62' title='bbox 1071 1457 1236 1555; x_wconf 85' lang='lat' dir='ltr'>proxima.</span> 
     </span>
    </p>

    <p class='ocr_par' dir='ltr' id='par_1_3' title="bbox 152 1581 1363 2066">
     <span class='ocr_line' id='line_1_10' title="bbox 227 1581 1362 1682; baseline 0.005 -29"><span class='ocrx_word' id='word_1_63' title='bbox 227 1582 396 1655; x_wconf 91' lang='lat' dir='ltr'>Nondum</span> <span class='ocrx_word' id='word_1_64' title='bbox 429 1581 510 1654; x_wconf 88' lang='lat' dir='ltr'>satis</span> <span class='ocrx_word' id='word_1_65' title='bbox 535 1582 709 1654; x_wconf 86' lang='lat' dir='ltr'>firmatam</span> <span class='ocrx_word' id='word_1_66' title='bbox 736 1607 806 1654; x_wconf 88' lang='lat' dir='ltr'>esse</span> <span class='ocrx_word' id='word_1_67' title='bbox 831 1582 1064 1656; x_wconf 89' lang='lat' dir='ltr'>coniecturam</span> <span class='ocrx_word' id='word_1_68' title='bbox 1088 1609 1158 1657; x_wconf 91' lang='lat' dir='ltr'>non</span> <span class='ocrx_word' id='word_1_69' title='bbox 1183 1610 1289 1682; x_wconf 81' lang='lat' dir='ltr'>neg03</span> <span class='ocrx_word' id='word_1_70' title='bbox 1313 1594 1362 1659; x_wconf 94' lang='lat' dir='ltr'>at-</span> 
     </span>
     <span class='ocr_line' id='line_1_11' title="bbox 179 1711 1363 1812; baseline 0.004 -30"><span class='ocrx_word' id='word_1_71' title='bbox 179 1717 296 1783; x_wconf 85' lang='lat' dir='ltr'>tamen</span> <span class='ocrx_word' id='word_1_72' title='bbox 333 1711 371 1784; x_wconf 93' lang='lat' dir='ltr'>id</span> <span class='ocrx_word' id='word_1_73' title='bbox 403 1718 494 1784; x_wconf 87' lang='lat' dir='ltr'>certe</span> <span class='ocrx_word' id='word_1_74' title='bbox 527 1736 620 1783; x_wconf 91' lang='lat' dir='ltr'>nunc</span> <span class='ocrx_word' id='word_1_75' title='bbox 653 1718 795 1809; x_wconf 91' lang='lat' dir='ltr'>apparet</span> <span class='ocrx_word' id='word_1_76' title='bbox 828 1711 903 1783; x_wconf 88' lang='lat' dir='ltr'>fieri</span> <span class='ocrx_word' id='word_1_77' title='bbox 938 1712 1089 1809; x_wconf 89' lang='lat' dir='ltr'>potuisse</span> <span class='ocrx_word' id='word_1_78' title='bbox 1121 1721 1162 1785; x_wconf 91' lang='lat' dir='ltr'>ut</span> <span class='ocrx_word' id='word_1_79' title='bbox 1194 1714 1363 1812; x_wconf 87' lang='lat' dir='ltr'>Apuleius</span> 
     </span>
     <span class='ocr_line' id='line_1_12' title="bbox 152 1838 1362 1936; baseline 0.004 -24"><span class='ocrx_word' id='word_1_80' title='bbox 152 1838 380 1912; x_wconf 74' lang='lat' dir='ltr'>»Patrensem</span> <span class='ocrx_word' id='word_1_81' title='bbox 406 1847 571 1929; x_wconf 91' lang='lat' dir='ltr'>verteret;</span> <span class='ocrx_word' id='word_1_82' title='bbox 599 1864 680 1912; x_wconf 87' lang='lat' dir='ltr'>mox</span> <span class='ocrx_word' id='word_1_83' title='bbox 704 1848 823 1911; x_wconf 92' lang='lat' dir='ltr'>autem</span> <span class='ocrx_word' id='word_1_84' title='bbox 848 1847 981 1936; x_wconf 89' lang='lat' dir='ltr'>praeter</span> <span class='ocrx_word' id='word_1_85' title='bbox 1001 1865 1204 1915; x_wconf 89' lang='lat' dir='ltr'>consensum</span> <span class='ocrx_word' id='word_1_86' title='bbox 1227 1852 1362 1917; x_wconf 83' lang='lat' dir='ltr'>contex-</span> 
     </span>
     <span class='ocr_line' id='line_1_13' title="bbox 182 1968 899 2066; baseline -0.001 -26"><span class='ocrx_word' id='word_1_87' title='bbox 182 1976 239 2040; x_wconf 92' lang='lat' dir='ltr'>tus</span> <span class='ocrx_word' id='word_1_88' title='bbox 263 1969 329 2041; x_wconf 89' lang='lat' dir='ltr'>alia</span> <span class='ocrx_word' id='word_1_89' title='bbox 351 1975 557 2066; x_wconf 88' lang='lat' dir='ltr'>argumenta</span> <span class='ocrx_word' id='word_1_90' title='bbox 581 1968 762 2066; x_wconf 86' lang='lat' dir='ltr'>proferam.</span> <span class='ocrx_word' id='word_1_91' title='bbox 893 2038 899 2051; x_wconf 83' lang='grc'><em>,</em></span> 
     </span>
    </p>

    <p class='ocr_par' dir='ltr' id='par_1_4' title="bbox 177 2094 1461 2581">
     <span class='ocr_line' id='line_1_14' title="bbox 227 2094 1361 2202; baseline 0.009 -35"><span class='ocrx_word' id='word_1_92' title='bbox 227 2096 351 2169; x_wconf 89' lang='lat' dir='ltr'>Verbis</span> <span class='ocrx_word' id='word_1_93' title='bbox 376 2097 487 2169; x_wconf 80' lang='lat' dir='ltr'>edatis</span> <span class='ocrx_word' id='word_1_94' title='bbox 511 2094 707 2194; x_wconf 81' lang='lat' dir='ltr'>postquam</span> <span class='ocrx_word' id='word_1_95' title='bbox 721 2096 853 2194; x_wconf 86' lang='lat' dir='ltr'>prologi</span> <span class='ocrx_word' id='word_1_96' title='bbox 875 2099 981 2170; x_wconf 87' lang='lat' dir='ltr'>finem</span> <span class='ocrx_word' id='word_1_97' title='bbox 1001 2099 1101 2190; x_wconf 83' lang='lat' dir='ltr'>fecit,</span> <span class='ocrx_word' id='word_1_98' title='bbox 1122 2108 1276 2176; x_wconf 88' lang='lat' dir='ltr'>narrator</span> <span class='ocrx_word' id='word_1_99' title='bbox 1287 2129 1361 2202; x_wconf 91' lang='lat' dir='ltr'>pro·</span> 
     </span>
     <span class='ocr_line' id='line_1_15' title="bbox 177 2218 1461 2330; baseline 0.008 -33"><span class='ocrx_word' id='word_1_100' title='bbox 177 2225 269 2298; x_wconf 88' lang='lat' dir='ltr'>cedit</span> <span class='ocrx_word' id='word_1_101' title='bbox 302 2225 346 2298; x_wconf 91' lang='lat' dir='ltr'>ad</span> <span class='ocrx_word' id='word_1_102' title='bbox 379 2249 495 2297; x_wconf 89' lang='lat' dir='ltr'>rerum</span> <span class='ocrx_word' id='word_1_103' title='bbox 521 2218 671 2297; x_wconf 89' lang='lat' dir='ltr'>actorem</span> <span class='ocrx_word' id='word_1_104' title='bbox 696 2225 1006 2302; x_wconf 86' lang='lat' dir='ltr'>introducendum:</span> <span class='ocrx_word' id='word_1_105' title='bbox 1034 2230 1135 2326; x_wconf 91' lang='lat' dir='ltr'>„quis</span> <span class='ocrx_word' id='word_1_106' title='bbox 1160 2233 1219 2303; x_wconf 80' lang='lat' dir='ltr'>ille</span> <span class='ocrx_word' id='word_1_107' title='bbox 1244 2234 1362 2330; x_wconf 81' lang='lat' dir='ltr'>paucis</span> <span class='ocrx_word' id='word_1_108' title='bbox 1459 2272 1461 2276; x_wconf 94' lang='lat'>·</span> 
     </span>
     <span class='ocr_line' id='line_1_16' title="bbox 177 2352 1362 2457; baseline 0.007 -31"><span class='ocrx_word' id='word_1_109' title='bbox 177 2353 326 2452; x_wconf 88' lang='lat' dir='ltr'>accipe.&#39;&#39;</span> <span class='ocrx_word' id='word_1_110' title='bbox 360 2353 462 2427; x_wconf 82' lang='lat' dir='ltr'>Certo</span> <span class='ocrx_word' id='word_1_111' title='bbox 493 2353 546 2425; x_wconf 89' lang='lat' dir='ltr'>his</span> <span class='ocrx_word' id='word_1_112' title='bbox 579 2352 690 2425; x_wconf 88' lang='lat' dir='ltr'>verbis</span> <span class='ocrx_word' id='word_1_113' title='bbox 722 2353 811 2426; x_wconf 90' lang='lat' dir='ltr'>inest</span> <span class='ocrx_word' id='word_1_114' title='bbox 835 2353 948 2427; x_wconf 93' lang='lat' dir='ltr'>nodus</span> <span class='ocrx_word' id='word_1_115' title='bbox 971 2355 1265 2449; x_wconf 88' lang='lat' dir='ltr'>intricatissimus‚</span> <span class='ocrx_word' id='word_1_116' title='bbox 1292 2385 1362 2457; x_wconf 94' lang='lat' dir='ltr'>quo</span> 
     </span>
     <span class='ocr_line' id='line_1_17' title="bbox 178 2482 1153 2581; baseline 0.002 -25"><span class='ocrx_word' id='word_1_117' title='bbox 178 2484 290 2556; x_wconf 90' lang='lat' dir='ltr'>soluto</span> <span class='ocrx_word' id='word_1_118' title='bbox 315 2484 459 2555; x_wconf 95' lang='lat' dir='ltr'>demum</span> <span class='ocrx_word' id='word_1_119' title='bbox 485 2482 541 2554; x_wconf 91' lang='lat' dir='ltr'>via</span> <span class='ocrx_word' id='word_1_120' title='bbox 565 2482 610 2555; x_wconf 86' lang='lat' dir='ltr'>ad</span> <span class='ocrx_word' id='word_1_121' title='bbox 635 2482 885 2580; x_wconf 87' lang='lat' dir='ltr'>explorandum</span> <span class='ocrx_word' id='word_1_122' title='bbox 909 2485 1051 2581; x_wconf 89' lang='lat' dir='ltr'>patebit.</span> <span class='ocrx_word' id='word_1_123' title='bbox 1152 2501 1153 2504; x_wconf 76' lang='grc'>’</span> 
     </span>
    </p>

    <p class='ocr_par' dir='ltr' id='par_1_5' title="bbox 135 2611 1360 4509">
     <span class='ocr_line' id='line_1_18' title="bbox 228 2611 1360 2712; baseline 0.011 -28"><span class='ocrx_word' id='word_1_124' title='bbox 228 2612 278 2686; x_wconf 90' lang='lat' dir='ltr'>Ut</span> <span class='ocrx_word' id='word_1_125' title='bbox 311 2614 381 2686; x_wconf 90' lang='lat' dir='ltr'>iam</span> <span class='ocrx_word' id='word_1_126' title='bbox 414 2611 554 2700; x_wconf 92' lang='lat' dir='ltr'>monui,</span> <span class='ocrx_word' id='word_1_127' title='bbox 582 2612 646 2683; x_wconf 90' lang='lat' dir='ltr'>hoc</span> <span class='ocrx_word' id='word_1_128' title='bbox 671 2611 745 2683; x_wconf 88' lang='lat' dir='ltr'>loco</span> <span class='ocrx_word' id='word_1_129' title='bbox 769 2636 903 2685; x_wconf 85' lang='lat' dir='ltr'>necesse</span> <span class='ocrx_word' id='word_1_130' title='bbox 928 2621 979 2686; x_wconf 89' lang='lat' dir='ltr'>est</span> <span class='ocrx_word' id='word_1_131' title='bbox 1003 2616 1186 2712; x_wconf 84' lang='lat' dir='ltr'>prologum</span> <span class='ocrx_word' id='word_1_132' title='bbox 1210 2620 1247 2693; x_wconf 90' lang='lat' dir='ltr'>in</span> <span class='ocrx_word' id='word_1_133' title='bbox 1273 2622 1360 2696; x_wconf 88' lang='lat' dir='ltr'>duas</span> 
     </span>
     <span class='ocr_line' id='line_1_19' title="bbox 177 2740 1360 2843; baseline 0.008 -28"><span class='ocrx_word' id='word_1_134' title='bbox 177 2750 289 2843; x_wconf 83' lang='lat' dir='ltr'>partes</span> <span class='ocrx_word' id='word_1_135' title='bbox 321 2740 536 2827; x_wconf 89' lang='lat' dir='ltr'>dividamus,</span> <span class='ocrx_word' id='word_1_136' title='bbox 571 2764 660 2836; x_wconf 90' lang='lat' dir='ltr'>quae</span> <span class='ocrx_word' id='word_1_137' title='bbox 691 2764 886 2836; x_wconf 83' lang='lat' dir='ltr'>numquam</span> <span class='ocrx_word' id='word_1_138' title='bbox 910 2742 1167 2818; x_wconf 76' lang='lat' dir='ltr'>confundantur</span> <span class='ocrx_word' id='word_1_139' title='bbox 1191 2748 1245 2822; x_wconf 90' lang='lat' dir='ltr'>vel</span> <span class='ocrx_word' id='word_1_140' title='bbox 1270 2750 1360 2824; x_wconf 88' lang='lat' dir='ltr'>inter</span> 
     </span>
     <span class='ocr_line' id='line_1_20' title="bbox 177 2867 1358 2966; baseline 0.005 -22"><span class='ocrx_word' id='word_1_141' title='bbox 177 2897 211 2945; x_wconf 91' lang='lat' dir='ltr'>se</span> <span class='ocrx_word' id='word_1_142' title='bbox 243 2871 450 2966; x_wconf 87' lang='lat' dir='ltr'>iungantur;</span> <span class='ocrx_word' id='word_1_143' title='bbox 486 2867 545 2940; x_wconf 93' lang='lat' dir='ltr'>sed</span> <span class='ocrx_word' id='word_1_144' title='bbox 577 2867 711 2941; x_wconf 91' lang='lat' dir='ltr'>nullam</span> <span class='ocrx_word' id='word_1_145' title='bbox 745 2868 914 2941; x_wconf 91' lang='lat' dir='ltr'>eiusmodi</span> <span class='ocrx_word' id='word_1_146' title='bbox 939 2869 1141 2944; x_wconf 87' lang='lat' dir='ltr'>divisionem</span> <span class='ocrx_word' id='word_1_147' title='bbox 1165 2875 1280 2950; x_wconf 87' lang='lat' dir='ltr'>adhuc</span> <span class='ocrx_word' id='word_1_148' title='bbox 1305 2879 1358 2950; x_wconf 90' lang='lat' dir='ltr'>in-</span> 
     </span>
     <span class='ocr_line' id='line_1_21' title="bbox 176 2996 1358 3079; baseline 0.005 -6"><span class='ocrx_word' id='word_1_149' title='bbox 176 3001 363 3073; x_wconf 86' lang='lat' dir='ltr'>stituenmt</span> <span class='ocrx_word' id='word_1_150' title='bbox 395 2999 458 3070; x_wconf 87' lang='lat' dir='ltr'>viri</span> <span class='ocrx_word' id='word_1_151' title='bbox 491 2997 593 3071; x_wconf 89' lang='lat' dir='ltr'>docti.</span> <span class='ocrx_word' id='word_1_152' title='bbox 621 2996 718 3069; x_wconf 93' lang='lat' dir='ltr'>Haec</span> <span class='ocrx_word' id='word_1_153' title='bbox 742 2997 835 3068; x_wconf 90' lang='lat' dir='ltr'>enim</span> <span class='ocrx_word' id='word_1_154' title='bbox 861 3005 912 3070; x_wconf 92' lang='lat' dir='ltr'>est</span> <span class='ocrx_word' id='word_1_155' title='bbox 936 2997 1138 3077; x_wconf 82' lang='lat' dir='ltr'>difficultas:</span> <span class='ocrx_word' id='word_1_156' title='bbox 1164 3012 1245 3077; x_wconf 86' lang='lat' dir='ltr'>anto</span> <span class='ocrx_word' id='word_1_157' title='bbox 1269 3006 1358 3079; x_wconf 92' lang='lat' dir='ltr'>limi-</span> 
     </span>
     <span class='ocr_line' id='line_1_22' title="bbox 174 3126 1359 3231; baseline 0.004 -28"><span class='ocrx_word' id='word_1_158' title='bbox 174 3138 246 3203; x_wconf 92' lang='lat' dir='ltr'>tem</span> <span class='ocrx_word' id='word_1_159' title='bbox 268 3153 373 3225; x_wconf 92' lang='lat' dir='ltr'>quem</span> <span class='ocrx_word' id='word_1_160' title='bbox 396 3126 557 3215; x_wconf 86' lang='lat' dir='ltr'>fecimus,</span> <span class='ocrx_word' id='word_1_161' title='bbox 583 3126 752 3224; x_wconf 87' lang='lat' dir='ltr'>Apuleius</span> <span class='ocrx_word' id='word_1_162' title='bbox 776 3127 820 3199; x_wconf 97' lang='grc'>(16</span> <span class='ocrx_word' id='word_1_163' title='bbox 845 3130 1052 3228; x_wconf 86' lang='lat' dir='ltr'>semetipso</span> <span class='ocrx_word' id='word_1_164' title='bbox 1077 3131 1190 3228; x_wconf 90' lang='lat' dir='ltr'>prima</span> <span class='ocrx_word' id='word_1_165' title='bbox 1215 3158 1359 3231; x_wconf 87' lang='lat' dir='ltr'>persona</span> 
     </span>
     <span class='ocr_line' id='line_1_23' title="bbox 174 3253 1359 3360; baseline 0.006 -31"><span class='ocrx_word' id='word_1_166' title='bbox 174 3256 345 3353; x_wconf 90' lang='lat' dir='ltr'>loquitur;</span> <span class='ocrx_word' id='word_1_167' title='bbox 388 3278 499 3350; x_wconf 91' lang='lat' dir='ltr'>quum</span> <span class='ocrx_word' id='word_1_168' title='bbox 541 3253 666 3326; x_wconf 91' lang='lat' dir='ltr'>deinde</span> <span class='ocrx_word' id='word_1_169' title='bbox 700 3261 734 3326; x_wconf 93' lang='lat' dir='ltr'>et</span> <span class='ocrx_word' id='word_1_170' title='bbox 763 3254 801 3326; x_wconf 90' lang='lat' dir='ltr'>in</span> <span class='ocrx_word' id='word_1_171' title='bbox 833 3256 1057 3353; x_wconf 88' lang='lat' dir='ltr'>sequentibus</span> <span class='ocrx_word' id='word_1_172' title='bbox 1089 3259 1214 3355; x_wconf 88' lang='lat' dir='ltr'>aliquis</span> <span class='ocrx_word' id='word_1_173' title='bbox 1247 3263 1359 3360; x_wconf 87' lang='lat' dir='ltr'>prima</span> 
     </span>
     <span class='ocr_line' id='line_1_24' title="bbox 175 3383 1359 3484; baseline 0.006 -28"><span class='ocrx_word' id='word_1_174' title='bbox 175 3409 318 3482; x_wconf 88' lang='lat' dir='ltr'>persona</span> <span class='ocrx_word' id='word_1_175' title='bbox 349 3406 487 3455; x_wconf 84' lang='lat' dir='ltr'>narrare</span> <span class='ocrx_word' id='word_1_176' title='bbox 519 3388 657 3479; x_wconf 89' lang='lat' dir='ltr'>pergat,</span> <span class='ocrx_word' id='word_1_177' title='bbox 693 3383 795 3455; x_wconf 87' lang='lat' dir='ltr'>ultro.</span> <span class='ocrx_word' id='word_1_178' title='bbox 819 3384 971 3456; x_wconf 88' lang='lat' dir='ltr'>nascitur</span> <span class='ocrx_word' id='word_1_179' title='bbox 1005 3385 1121 3484; x_wconf 88' lang='lat' dir='ltr'>opinio</span> <span class='ocrx_word' id='word_1_180' title='bbox 1154 3392 1258 3483; x_wconf 87' lang='lat' dir='ltr'>(quae</span> <span class='ocrx_word' id='word_1_181' title='bbox 1290 3390 1359 3463; x_wconf 83' lang='lat' dir='ltr'>fuit</span> 
     </span>
     <span class='ocr_line' id='line_1_25' title="bbox 174 3509 1356 3614; baseline 0.006 -29"><span class='ocrx_word' id='word_1_182' title='bbox 174 3513 366 3585; x_wconf 90' lang='lat' dir='ltr'>multorum</span> <span class='ocrx_word' id='word_1_183' title='bbox 400 3512 552 3587; x_wconf 89' lang='lat' dir='ltr'>virorum</span> <span class='ocrx_word' id='word_1_184' title='bbox 578 3509 773 3601; x_wconf 83' lang='lat' dir='ltr'>doctorum)</span> <span class='ocrx_word' id='word_1_185' title='bbox 799 3511 915 3608; x_wconf 90' lang='lat' dir='ltr'>ipsum</span> <span class='ocrx_word' id='word_1_186' title='bbox 941 3513 1049 3608; x_wconf 89' lang='lat' dir='ltr'>igitur</span> <span class='ocrx_word' id='word_1_187' title='bbox 1074 3515 1265 3614; x_wconf 91' lang='lat' dir='ltr'>Apuleium</span> <span class='ocrx_word' id='word_1_188' title='bbox 1291 3521 1356 3592; x_wconf 90' lang='lat' dir='ltr'>sub</span> 
     </span>
     <span class='ocr_line' id='line_1_26' title="bbox 135 3639 1356 3739; baseline 0.008 -26"><span class='ocrx_word' id='word_1_189' title='bbox 135 3659 138 3665; x_wconf 85' lang='lat'>&#39;</span> <span class='ocrx_word' id='word_1_190' title='bbox 173 3640 274 3713; x_wconf 89' lang='lat' dir='ltr'>Lucii</span> <span class='ocrx_word' id='word_1_191' title='bbox 298 3664 441 3737; x_wconf 89' lang='lat' dir='ltr'>persona</span> <span class='ocrx_word' id='word_1_192' title='bbox 465 3639 608 3713; x_wconf 88' lang='lat' dir='ltr'>latitare.</span> <span class='ocrx_word' id='word_1_193' title='bbox 636 3639 704 3712; x_wconf 86' lang='lat' dir='ltr'>Sed</span> <span class='ocrx_word' id='word_1_194' title='bbox 730 3640 881 3714; x_wconf 87' lang='lat' dir='ltr'>maxima</span> <span class='ocrx_word' id='word_1_195' title='bbox 906 3644 1025 3716; x_wconf 90' lang='lat' dir='ltr'>statim</span> <span class='ocrx_word' id='word_1_196' title='bbox 1051 3645 1159 3718; x_wconf 90' lang='lat' dir='ltr'>oritur</span> <span class='ocrx_word' id='word_1_197' title='bbox 1183 3649 1356 3739; x_wconf 86' lang='lat' dir='ltr'>confusio,</span> 
     </span>
     <span class='ocr_line' id='line_1_27' title="bbox 174 3763 1357 3876; baseline 0.011 -36"><span class='ocrx_word' id='word_1_198' title='bbox 174 3769 257 3865; x_wconf 89' lang='lat' dir='ltr'>quia</span> <span class='ocrx_word' id='word_1_199' title='bbox 290 3768 417 3841; x_wconf 89' lang='lat' dir='ltr'>indicia</span> <span class='ocrx_word' id='word_1_200' title='bbox 450 3763 539 3864; x_wconf 91' lang='lat' dir='ltr'>quae</span> <span class='ocrx_word' id='word_1_201' title='bbox 574 3767 638 3839; x_wconf 92' lang='lat' dir='ltr'>hoc</span> <span class='ocrx_word' id='word_1_202' title='bbox 671 3767 744 3841; x_wconf 90' lang='lat' dir='ltr'>loco</span> <span class='ocrx_word' id='word_1_203' title='bbox 770 3768 814 3840; x_wconf 92' lang='lat' dir='ltr'>de</span> <span class='ocrx_word' id='word_1_204' title='bbox 839 3770 970 3866; x_wconf 89' lang='lat' dir='ltr'>origine</span> <span class='ocrx_word' id='word_1_205' title='bbox 995 3773 1216 3869; x_wconf 84' lang='lat' dir='ltr'>proferuntur</span> <span class='ocrx_word' id='word_1_206' title='bbox 1240 3787 1357 3876; x_wconf 89' lang='lat' dir='ltr'>aperte</span> 
     </span>
     <span class='ocr_line' id='line_1_28' title="bbox 174 3893 1354 3996; baseline 0.011 -28"><span class='ocrx_word' id='word_1_207' title='bbox 174 3904 333 3996; x_wconf 86' lang='lat' dir='ltr'>pugnant</span> <span class='ocrx_word' id='word_1_208' title='bbox 366 3919 447 3968; x_wconf 88' lang='lat' dir='ltr'>cum</span> <span class='ocrx_word' id='word_1_209' title='bbox 474 3893 637 3967; x_wconf 92' lang='lat' dir='ltr'>omnibus</span> <span class='ocrx_word' id='word_1_210' title='bbox 662 3920 751 3992; x_wconf 89' lang='lat' dir='ltr'>quae</span> <span class='ocrx_word' id='word_1_211' title='bbox 776 3895 819 3968; x_wconf 94' lang='grc'>(16</span> <span class='ocrx_word' id='word_1_212' title='bbox 844 3897 994 3996; x_wconf 86' lang='lat' dir='ltr'>Apuleio</span> <span class='ocrx_word' id='word_1_213' title='bbox 1019 3901 1160 3974; x_wconf 87' lang='lat' dir='ltr'>aliunde</span> <span class='ocrx_word' id='word_1_214' title='bbox 1185 3906 1354 3984; x_wconf 87' lang='lat' dir='ltr'>novimus.</span> 
     </span>
     <span class='ocr_line' id='line_1_29' title="bbox 173 4022 1356 4126; baseline 0.01 -30"><span class='ocrx_word' id='word_1_215' title='bbox 173 4024 409 4098; x_wconf 88' lang='lat' dir='ltr'>Nihilominus</span> <span class='ocrx_word' id='word_1_216' title='bbox 434 4022 516 4095; x_wconf 90' lang='lat' dir='ltr'>haec</span> <span class='ocrx_word' id='word_1_217' title='bbox 540 4022 657 4120; x_wconf 90' lang='lat' dir='ltr'>opinio</span> <span class='ocrx_word' id='word_1_218' title='bbox 682 4048 760 4097; x_wconf 91' lang='lat' dir='ltr'>suos</span> <span class='ocrx_word' id='word_1_219' title='bbox 785 4025 976 4099; x_wconf 88' lang='lat' dir='ltr'>defensores</span> <span class='ocrx_word' id='word_1_220' title='bbox 1001 4028 1126 4126; x_wconf 90' lang='lat' dir='ltr'>adepta</span> <span class='ocrx_word' id='word_1_221' title='bbox 1150 4040 1210 4105; x_wconf 91' lang='lat' dir='ltr'>est.</span> <span class='ocrx_word' id='word_1_222' title='bbox 1245 4033 1356 4108; x_wconf 90' lang='lat' dir='ltr'>Unica</span> 
     </span>
     <span class='ocr_line' id='line_1_30' title="bbox 173 4151 1354 4250; baseline 0.007 -24"><span class='ocrx_word' id='word_1_223' title='bbox 173 4162 290 4227; x_wconf 89' lang='lat' dir='ltr'>autem</span> <span class='ocrx_word' id='word_1_224' title='bbox 324 4153 378 4226; x_wconf 91' lang='lat' dir='ltr'>via</span> <span class='ocrx_word' id='word_1_225' title='bbox 407 4177 477 4249; x_wconf 88' lang='lat' dir='ltr'>qua</span> <span class='ocrx_word' id='word_1_226' title='bbox 502 4151 702 4250; x_wconf 89' lang='lat' dir='ltr'>profligetur</span> <span class='ocrx_word' id='word_1_227' title='bbox 726 4153 882 4249; x_wconf 87' lang='lat' dir='ltr'>quaestio</span> <span class='ocrx_word' id='word_1_228' title='bbox 906 4154 1033 4227; x_wconf 92' lang='lat' dir='ltr'>iterum</span> <span class='ocrx_word' id='word_1_229' title='bbox 1058 4156 1142 4230; x_wconf 88' lang='lat' dir='ltr'>haec</span> <span class='ocrx_word' id='word_1_230' title='bbox 1166 4184 1237 4232; x_wconf 90' lang='lat' dir='ltr'>esse</span> <span class='ocrx_word' id='word_1_231' title='bbox 1261 4161 1354 4234; x_wconf 92' lang='lat' dir='ltr'>vide·</span> 
     </span>
     <span class='ocr_line' id='line_1_31' title="bbox 173 4280 1355 4388; baseline 0.008 -34"><span class='ocrx_word' id='word_1_232' title='bbox 173 4287 249 4358; x_wconf 84' lang='lat' dir='ltr'>tur:</span> <span class='ocrx_word' id='word_1_233' title='bbox 283 4280 490 4380; x_wconf 84' lang='lat' dir='ltr'>exploranda</span> <span class='ocrx_word' id='word_1_234' title='bbox 523 4286 605 4353; x_wconf 89' lang='lat' dir='ltr'>sunt</span> <span class='ocrx_word' id='word_1_235' title='bbox 637 4280 711 4377; x_wconf 87' lang='lat' dir='ltr'>ipsa</span> <span class='ocrx_word' id='word_1_236' title='bbox 742 4281 845 4353; x_wconf 89' lang='lat' dir='ltr'>verba</span> <span class='ocrx_word' id='word_1_237' title='bbox 878 4290 911 4355; x_wconf 92' lang='lat' dir='ltr'>et</span> <span class='ocrx_word' id='word_1_238' title='bbox 942 4284 1146 4381; x_wconf 86' lang='lat' dir='ltr'>pensitanda</span> <span class='ocrx_word' id='word_1_239' title='bbox 1175 4288 1355 4388; x_wconf 89' lang='lat' dir='ltr'>utriusque</span> 
     </span>
     <span class='ocr_line' id='line_1_32' title="bbox 173 4411 516 4509; baseline 0.006 -26"><span class='ocrx_word' id='word_1_240' title='bbox 173 4411 279 4509; x_wconf 85' lang='lat' dir='ltr'>partis</span> <span class='ocrx_word' id='word_1_241' title='bbox 304 4418 516 4508; x_wconf 88' lang='lat' dir='ltr'>argumenta.</span> 
     </span>
    </p>
   </div>
   <div class='ocr_carea' id='block_1_3' title="bbox 0 0 1546 4988">
    <p class='ocr_par' dir='ltr' id='par_1_6' title="bbox 0 0 1546 4988">
     <span class='ocr_line' id='line_1_33' title="bbox 0 0 1546 4988; baseline 0 3"><span class='ocrx_word' id='word_1_242' title='bbox 0 0 1546 4988; x_wconf 95' lang='lat' dir='ltr'> </span> 
     </span>
    </p>
   </div>
  </div>
 </body>
</html>
