3082 4988
741 371 787 441 64

727 653 788 729 IV.

224 878 443 951 Vocabulum
479 889 592 966 σήκος
626 877 663 948 in
696 874 817 973 Lysiae
842 877 902 951 Or.
929 875 1000 948 VII
1025 901 1094 949 non
1116 886 1167 950 est
1191 878 1353 978 interpr&

172 1007 319 1080 tandum
346 1008 442 1094 „olea
465 1003 624 1078 οοονοία”
651 1004 710 1076 sed
737 1011 907 1099 „saeptum
934 1004 1098 1080 sacrum?

753 1260 795 1334 V.

219 1392 319 1487 Soph.
348 1390 492 1463 Philoct.
521 1392 585 1462 29:

319 1517 398 1595 τόδ’
425 1522 618 1616 έξύπερθε·
646 1519 714 1590 καὶ
743 1518 884 1612 στίβον
909 1519 943 1616 γ’
970 1517 1093 1603 ουδεὶς
1117 1522 1255 1605 κτύπος

219 1649 489 1746 Corrigendum:
517 1675 552 1720 κ.
579 1672 612 1720 σ.
639 1647 673 1744 γ’
700 1650 789 1720 εἵσω
814 1649 938 1731 τύπος.

732 1903 793 1979 VI.

218 2036 311 2111 Ibid.
339 2040 402 2110 54:

698 2136 767 2221 τὴν
793 2133 1031 2224 Φιλοκτήτου
1060 2162 1098 2208 σε
1123 2133 1185 2209 δεῖ

314 2264 443 2356 ψυχήν
467 2261 566 2345 ὅπως
590 2262 766 2359 λόγοισιν
792 2262 981 2348 ἐκκλέψεις
1004 2263 1133 2361 λέγων.

319 2394 415 2466 ὅταν
440 2384 472 2463 ω’
502 2391 639 2486 ἐρωτᾷ,
666 2400 727 2476 τις
755 2420 794 2463 τε
820 2395 886 2465 καὶ
910 2397 1032 2467 πόθεν
1058 2394 1185 2492 πάρει,

317 2521 458 2617 λέγειν,
489 2519 694 2613 Ἀχιλλέως
720 2530 833 2607 παῖς·

220 2650 348 2722 Melius
373 2648 421 2720 ita
447 2647 589 2743 legitur=

698 2780 766 2866 τήν
792 2778 1028 2869 Φιλοκτήτου
1055 2807 1095 2853 σι
1119 2777 1182 2853 δεῖ

313 2908 442 2999 ψυχὴν
467 2905 565 2989 ὅπως
590 2907 758 3004 λόγοισιν
783 2908 976 2999 ἑκκλέωεις
1001 2908 1137 3006 λέγων,

315 3039 411 3111 ὅταν
437 3035 469 3109 ο’
497 3037 635 3133 ἐρωτᾷ,
663 3040 726 3122 τίς
751 3067 789 3110 τε
815 3039 884 3111 καὶ
910 3045 1031 3112 πόθεν
1055 3046 1182 3137 πάρει,

311 3167 452 3265 λέγειν,
478 3166 685 3259 Ἀχιλλέως
710 3178 819 3250 ταῖς·

721 3423 802 3498 VII.

219 3553 308 3645 lbid.
338 3557 450 3625 1009:

315 3681 474 3767 ἀνάξιον
498 3680 572 3772 μὲν
596 3690 683 3771 σοῦ,
708 3684 895 3770 κατάξων
920 3682 955 3758 δ’
981 3687 1071 3778 ἐμοῦ

217 3809 440 3906 Legendum:
468 3809 634 3900 α’νήκοον
658 3840 698 3904 μ.
727 3838 776 3904 ο,
802 3821 1014 3904 κατήκοον.
1032 3875 1038 3889 .
1055 3868 1087 3888 ..

708 4069 804 4143 Vffl.

212 4290 387 4362 Plutarch.
416 4289 542 4362 Cimon
568 4316 641 4388 cap.
669 4292 686 4362 I
716 4291 765 4382 (in
796 4293 897 4380 fine)2

218 4422 277 4493 ἐπὶ
303 4419 419 4495 πολὺν
444 4418 485 4493 δὲ
512 4425 661 4518 χρόνον
685 4418 850 4495 ειὶλώλων
874 4428 991 4496 τινῶν
1017 4424 1058 4496 ἐν
1077 4433 1128 4520 τῷ
1149 4427 1250 4523 τόπῳ
1266 4452 1350 4524 κρο-
