3082 4988
753 331 798 400 59

180 521 217 592 in
250 518 399 592 Floridis
432 524 587 592 testatur.
622 515 767 590 Metam.
795 513 869 604 XI,
896 518 941 589 26
967 516 1133 612 legimus:
1160 542 1267 605 ‚mooe
1293 542 1366 589 ooo-

179 672 294 721 acenoo
326 649 467 719 Romam
502 669 615 719 omaus
639 645 886 742 profectionem
921 645 1047 741 diripe,
1082 650 1116 716 et
1252 669 1363 719 rocro-

178 783 328 848 conatam
362 776 462 847 iatam
489 775 658 846 civitatem
684 774 802 845 accedo
811 770 848 856 ;'’
874 797 954 845 oum
982 772 1036 845 his
1060 771 1149 846 bene
1175 783 1365 847 consonant

178 928 219 976 ea
250 927 340 1000 quoe
372 911 490 975 narrat
522 901 612 975 Flor.
648 927 681 998 p.
718 903 763 975 77
799 899 866 990 (ed.
903 899 1099 990 Oudend.):
1135 903 1207 988 „od
1229 902 1287 973 lcoc
1311 903 1363 974 ito
1424 956 1427 962 -

175 1055 304 1126 semper
327 1030 370 1102 ob
394 1031 530 1101 ineunte
554 1054 634 1101 oeoo
660 1029 762 1101 bonae
781 1036 875 1102 artes
894 1029 1006 1100 sedulo
1027 1029 1112 1100 colui
1125 1054 1261 1126 comque
1274 1031 1360 1104 ceia-

178 1161 384 1231 limationem
409 1183 531 1231 moroan
557 1183 598 1229 cc
621 1159 804 1229 studiorum
830 1163 898 1228 tom
923 1158 959 1228 in
978 1158 1153 1250 provincio
1167 1165 1280 1230 vectio
1294 1184 1364 1231 com

179 1289 280 1360 ctiam
307 1288 436 1358 Romae
456 1310 562 1381 penca
586 1286 709 1358 omiooa
734 1292 808 1357 tuoe
832 1285 1001 1382 quaesiere
1026 1309 1096 1373 me,
1124 1291 1196 1357 tute
1221 1287 1293 1380 ipae
1318 1287 1365 1359 lo·

177 1393 418 1514 cupletr'aet'mca
444 1416 541 1487 tertia
566 1414 636 1487 eo.''

226 1545 348 1620 Quum
381 1543 489 1638 igitur
522 1550 654 1615 constet
687 1541 771 1615 haec
803 1541 952 1640 quaein
980 1539 1019 1614 L.
1047 1539 1101 1612 XI
1126 1541 1274 1637 legimus
1297 1541 1366 1614 illis

177 1671 392 1769 comprobari
430 1696 518 1768 quae
551 1671 691 1744 aliunde
725 1672 768 1744 de
799 1670 930 1768 Apulei
962 1670 1032 1742 vita
1065 1677 1240 1767 comperta
1263 1668 1365 1741 habe·

178 1826 275 1890 mus,
310 1801 408 1873 facile
441 1800 647 1896 intelligitur
680 1801 742 1898 qui
773 1800 905 1873 factum
939 1799 983 1872 sit
1015 1807 1056 1870 ut
1081 1797 1184 1870 multi
1209 1797 1365 1894 putarint

178 1936 213 2001 et
245 1928 312 2001 alia
343 1954 432 2025 quae
464 1928 501 2001 in
535 1928 655 2001 eodem
689 1928 777 2000 libro
810 1935 994 2000 occurrunt
1027 1926 1072 1999 ad
1104 1925 1232 2023 Apulei
1257 1925 1364 1998 vitano

178 2081 249 2129 esse
273 2056 458 2130 referenda.
484 2057 607 2153 Neque
633 2056 827 2128 coniectura
850 2056 964 2128 audax
988 2063 1040 2126 est
1064 2053 1152 2126 hano
1172 2054 1365 2129 irrisseoau-

178 2209 252 2256 sam
287 2195 427 2282 propter
452 2208 556 2282 quam
583 2184 657 2256 loco
680 2193 797 2255 nostro
821 2184 960 2271 vitiato,
985 2181 1048 2254 ubi
1072 2206 1166 2257 nunc
1193 2181 1364 2269 „Madau-

179 2310 336 2384 rensem”
367 2312 536 2408 legimus,
570 2312 739 2385 indicium
767 2312 951 2385 desiderari
976 2311 1108 2410 opinati
1133 2311 1218 2397 sint,
1243 2319 1278 2382 et
1304 2334 1365 2406 pro

176 2440 328 2537 genuino
353 2448 387 2512 et
414 2439 543 2512 sincero
564 2439 749 2529 vocabule,
776 2441 889 2513 nescio
915 2464 1003 2537 quo,
1029 2439 1202 2536 scriptoris
1215 2438 1363 2535 patriam

177 2568 401 2656 inseruerint,
434 2568 529 2665 quod
561 2568 705 2641 verbum
739 2569 872 2666 reliqua
906 2570 1059 2642 oratione
1084 2567 1249 2666 postulari
1274 2565 1366 2639 vide·

176 2696 289 2770 batur.

225 2824 295 2897 Hio
326 2824 435 2921 igitur
468 2825 600 2922 primus
634 2850 726 2898 error
759 2835 810 2898 est
841 2825 887 2898 ad
921 2850 1025 2921 quem
1061 2823 1138 2897 Lib.
1164 2822 1219 2895 XI
1243 2847 1362 2895 ansam

176 2951 290 3040 dedit;
328 2951 453 3024 deinde
487 2953 591 3025 etiarn
617 2953 676 3028 lib.
707 2954 725 3025 I
749 2954 880 3026 fontem
906 2977 977 3026 esse
1003 2960 1170 3050 putarunt
1195 2950 1289 3022 unde
1313 2949 1363 3020 in·

175 3079 265 3152 dicia
289 3081 332 3152 de
357 3080 485 3177 Apulei
508 3081 588 3153 fatis
613 3080 742 3154 hauriri
767 3090 915 3179 possent.
938 3080 1031 3156 Quia
1053 3077 1215 3177 primaria
1226 3076 1362 3150 fabulae

177 3231 320 3304 persona
367 3208 404 3279 in
448 3208 621 3310 Thessalia
657 3209 730 3300 (lib.
767 3210 817 3300 Π)
854 3217 1031 3307 parentem
1070 3205 1245 3302 quendam
1282 3205 1362 3276 Plu·

176 3334 293 3408 tarcho
326 3336 466 3408 nomine
491 3336 654 3425 offendit,
681 3337 835 3434 primum
860 3335 1017 3410 arbitrati
1043 3342 1123 3407 sunt
1147 3332 1363 3406 Chaeronen-

175 3486 247 3536 sem
273 3460 517 3561 philosophum
544 3465 746 3561 significum
774 3464 899 3536 deinde
922 3464 959 3535 in
980 3463 1040 3537 lib.
1064 3464 1100 3550 I,
1113 3460 1176 3533 ubi
1188 3461 1362 3534 Thessalia

172 3590 305 3663 itineris
330 3591 440 3663 exitus
465 3592 700 3689 praedicatur,
726 3592 898 3664 emblema
922 3591 1141 3663 inseruerunt
1165 3588 1259 3685 quod
1284 3612 1359 3660 eom

175 3718 415 3815 cognationem
449 3719 674 3815 significabat.
710 3721 741 3792 Ii
776 3721 837 3818 qui
869 3719 934 3792 sibi
959 3742 1159 3816 persuasum
1186 3716 1361 3789 habebant

176 3846 367 3944 Apuleium
398 3846 480 3919 locis
513 3834 616 3947 supra
650 3849 798 3921 laudatis
830 3849 867 3920 in
892 3847 952 3920 lib.
977 3845 1033 3918 XI
1058 3845 1198 3918 lectores
1223 3844 1266 3915 de
1291 3843 1361 3916 suis

174 3973 283 4071 ipsius
317 3973 395 4046 fatis
429 3976 586 4049 certiores
609 3976 744 4064 fecisse,
770 3977 862 4048 ultro
887 3984 922 4048 et
945 3975 982 4046 in
1008 3973 1067 4048 lib.
1095 3972 1114 4044 Ι
1139 3971 1294 4068 scriptori
1319 3971 1361 4042 si·

175 4101 257 4173 mile
281 4102 464 4175 consilium
488 4105 733 4178 attribuerunt.
