3082 4988
377 1187 449 1276 llll
478 1182 810 1275 OOGNATIONIl
839 1182 981 1281 QUAE
1009 1181 1104 1270 EST

170 1325 331 1416 INTER
359 1324 556 1414 APULllI
585 1320 1087 1410 Mussuouunosncu
1114 1317 1303 1410 LIBROS

217 1462 282 1550 BT
309 1451 554 1551 *LUOIANI
582 1457 839 1556 LUOIlQUll
868 1457 1253 1547 Nlunnulouus.

618 1773 854 1782 -—-·-—-—.-

193 2022 286 2095 Ante
311 2019 429 2093 omnis
452 2015 677 2090 statuendum
703 2022 754 2087 est
779 2021 857 2087 utro
882 2014 1039 2113 exemplo
1065 2041 1147 2088 usus
1172 2015 1217 2088 sit
1237 2015 1334 2114 Apu·

144 2150 250 2238 leisc,
285 2147 394 2221 Lucio
427 2171 473 2218 an
505 2142 698 2231 *Lucian03
733 2167 815 2214 nam
841 2141 885 2213 de
909 2141 974 2214 hac
993 2168 1139 2240 'quoque
1163 2168 1217 2232 re,
1244 2169 1334 2240 quae

34 2366 36 2371 ,
145 2276 339 2375 quaestioni
376 2280 512 2346 nostrae
549 2296 611 2369 pro
649 2270 877 2343 fundamento
912 2295 982 2342 esse
1008 2270 1130 2358 debet,
1159 2272 1337 2368 opiniones

70 2476 72 2480 .
145 2405 297 2504 prolatae
330 2411 413 2475 sunt
448 2400 543 2473 haud
576 2399 694 2471 leviter
728 2398 969 2497 discrepantes.
1004 2400 1037 2472 A
1071 2400 1244 2497 plerisque
1269 2408 1336 2472 ste-

145 2535 257 2608 tuitur
290 2530 440 2629 Apuleio
473 2528 625 2602 Lucium
655 2527 758 2600 luisse
791 2527 1010 2626 exemplum;
1037 2529 1085 2600 sic
1110 2529 1298 2602 Salmasius
1313 2528 1337 2622 ¹)

129 2669 180 2734 ‘et
213 2667 291 2760 post
324 2683 405 2733 eum
438 2657 581 2730 Gourier
594 2662 619 2747 ²)
645 2656 845 2728 Patrensem
870 2655 1000 2754 Apulei
1024 2655 1156 2728 fontem
1181 2682 1252 2730 esse
1276 2684 1339 2757 pu·

182 2897 213 2974 1)
231 2901 315 2956 Solm.
334 2900 439 2970 Prolep.
457 2899 494 2953 ad
513 2899 647 2953 Setinum:
669 2897 728 2952 »Ex
747 2897 833 2952 Lucio
852 2899 947 2952 sutem
964 2895 1058 2966 potius
1075 2914 1159 2968 quem
1170 2897 1337 2954 exLucianc

145 2990 282 3060 Apuleius
310 3008 391 3045 suum
420 2990 557 3059 expressit
585 2988 717 3053 Asinum,
747 2990 780 3042 ut
808 2987 893 3057 vulgo
919 2986 1037 3055 dicitur,
1064 2988 1198 3044 Aureum.
1224 2989 1337 3044 Titulus

70 3120 73 3126 -
144 3081 280 3136 librorum
309 3080 369 3135 eius
397 3079 472 3134 idem
500 3078 551 3150 qui
580 3080 610 3134 et
636 3077 724 3133 Lucii.
752 3077 825 3133 Nem
846 3079 875 3132 in
896 3079 1021 3148 antiquis
1041 3079 1259 3150 exemplaribus,
1281 3096 1337 3134 non

145 3172 202 3226 elia
231 3169 376 3240 inscriptio
403 3169 503 3225 visitur
521 3171 634 3238 praeter
652 3168 740 3224 hanc:
770 3166 875 3238 Incipit
901 3167 1158 3240 Metamorphoseos
1176 3169 1259 3224 Liber
1277 3169 1336 3224 Pri-

143 3279 221 3328 mus,
248 3263 334 3331 atque
359 3259 402 3315 ite
420 3259 451 3313 in
469 3259 577 3315 ceteris.
598 3257 699 3313 Lucius
718 3275 828 3328 quoque
849 3257 991 3313 Patrensis
1011 3259 1054 3315 ite
1074 3278 1137 3316 suos
1156 3259 1337 3329 inscripserat

144 3354 178 3406 ut
196 3350 314 3406 Photius
333 3349 427 3420 prodit
447 3352 680 3419 ,Μεταμορφώσεων
698 3349 797 3415 rapu?

182 3437 213 3512 2)
233 3441 341 3498 Gourter
360 3438 442 3512 (pref.
458 3440 493 3494 de
508 3440 590 3494 l'Ane
599 3438 635 3507 de
645 3438 746 3494 Lucius
757 3440 791 3494 de
802 3441 929 3517 Patres):
942 3442 1027 3509 „Puis
1037 3458 1068 3496 ce
1078 3440 1148 3496 livre
1159 3438 1337 3510 aujourd'hui

145 3529 233 3600 perdu
258 3529 307 3584 des
326 3530 577 3599 Metamorphoses,
598 3545 667 3583 nous
687 3527 794 3584 l’avons
814 3548 848 3586 en
867 3533 952 3587 Lstin
971 3531 1080 3588 tradnit
1098 3548 1149 3600 par
1168 3530 1283 3599 Apulos.
1304 3529 1337 3585 Je

145 3618 188 3673 dis
213 3618 322 3674 traduit
346 3636 383 3674 cu
401 3635 464 3674 sens
481 3619 529 3673 des
546 3617 659 3673 enciens
665 3640 673 3686 ;
694 3636 742 3674 car
760 3619 938 3690 aujourd’hui
958 3639 994 3677 ou
1014 3619 1181 3676 nommerait
1197 3619 1258 3674 cela
1273 3618 1336 3672 imi·
1383 3656 1386 3663 ·

145 3708 239 3764 tction
267 3725 303 3763 ou
330 3710 508 3780 paraphrase.
538 3709 614 3762 Dens
643 3712 689 3764 cet
718 3709 778 3765 Ane
804 3712 888 3766 Latin
917 3711 967 3781 qui
992 3713 1150 3782 represente
1176 3727 1248 3779 pour
1267 3726 1336 3764 nous

145 3798 287 3870 l’ouvrsge
306 3798 476 3866 detumet,
497 3814 525 3852 se
545 3801 675 3854 retrcuve
695 3815 730 3853 en
749 3797 815 3854 effst
830 3801 857 3856 le
874 3802 1011 3871 pretends
1029 3801 1145 3871 ebrege‚
1156 3799 1238 3854 l'Ane
1248 3798 1334 3866 Grec,

145 3888 294 3944 tellement
318 3888 455 3959 qu'eyant
473 3889 504 3943 lu
525 3889 638 3944 celui-ci
657 3906 692 3944 011
712 3889 739 3943 le
759 3890 903 3946 reconneit
924 3893 993 3948 dens
1013 3893 1132 3957 l’sutre,
1150 3891 1221 3945 mais
1240 3890 1334 3944 deme·

145 3979 287 4034 surement
315 3977 418 4032 etendu
447 3995 500 4048 per
524 3978 559 4032 de
583 3977 686 4033 froides
706 3979 922 4048 amplificatione
942 3985 971 4035 et
991 3982 1039 4035 des
1059 3980 1185 4049 episodes
1204 3996 1267 4034 sans
1284 3979 1335 4034 fin.

144 4069 197 4124 Les
217 4069 280 4139 plus
300 4068 390 4123 beaux
410 4067 492 4124 traits
511 4067 545 4122 de
564 4067 686 4122 l'uuteur
705 4067 776 4123 Grec
796 4072 859 4124 sont
878 4070 906 4124 u
925 4070 1012 4125 meles
1032 4069 1122 4140 parmi
1143 4087 1179 4123 un
1200 4072 1244 4123 tas
1259 4066 1334 4122 d’ex·

145 4161 327 4230 trevsgentes
354 4158 540 4213 fictions....
570 4157 604 4213 de
633 4158 722 4212 fsblss
752 4161 769 4212 t
793 4159 862 4214 faire
881 4177 952 4230 peur
972 4177 1026 4215 aux
1045 4160 1132 4230 petits
1152 4159 1272 4213 enfsnts.
1293 4157 1335 4211 De

145 4250 275 4320 peteilles
295 4248 408 4304 cottises
427 4250 479 4303 ont
497 4251 514 4302 t
533 4248 589 4304 bon
608 4247 682 4303 droit
700 4249 808 4317 ehoque
827 4249 944 4305 Photius
961 4250 1030 4306 dsns
1045 4251 1072 4304 le
1081 4249 1151 4304 livre
1161 4248 1209 4302 des
1218 4247 1334 4302 Metam.

133 4341 210 4396 sd’ou
238 4341 347 4411 Apulos
375 4340 417 4394 les
445 4356 463 4394 a
490 4339 594 4410 prisce,
616 4341 646 4394 ct
664 4341 729 4394 sont
747 4355 830 4394 cause
850 4339 920 4410 qu'il
939 4343 1005 4396 taxe
1024 4340 1147 4395 l'autcur
1164 4338 1199 4394 de
1218 4337 1334 4393 ridicule

145 4430 307 4488 creduuse.”
