3082 4988
786 321 830 392 60

247 509 381 582 Fabula
405 536 425 582 a
445 508 553 582 Lucio
574 509 728 581 Patrensi
749 511 939 606 excogitata
953 510 1100 585 duorum
1114 537 1257 609 operum
1272 541 1384 588 exem·

200 640 274 737 plor
298 639 447 726 exstitit3
474 662 624 735 quorum
649 636 796 710 alterurn
822 638 887 711 sub
913 636 1057 711 Luciani
1081 640 1222 712 nomine
1240 642 1384 715 circum·

198 769 307 840 fertur
339 767 486 839 altarum
520 764 564 838 ab
590 765 740 868 Apuleio
764 765 996 862 conscriptum
1018 776 1080 841 est.
1112 767 1185 842 Qui
1205 770 1385 869 scriptores

199 920 269 967 non
303 919 373 966 uno
406 893 442 965 in
473 892 569 965 libris
594 892 664 964 suis
687 893 827 964 consilio
853 892 906 965 usi
931 903 1022 967 sunt.
1048 893 1161 982 Alter,
1188 897 1244 968 cui
1269 897 1384 996 lepida

199 1031 337 1095 tantum
375 1021 524 1094 narratio
555 1021 736 1108 arrideret,
771 1020 860 1093 hano
891 1021 998 1094 solam
1032 1032 1066 1094 et
1100 1022 1284 1098 involucris
1309 1029 1381 1100 suis

199 1151 297 1248 quasi
330 1152 479 1223 solutam
512 1176 533 1222 a
566 1147 674 1221 Lucio
707 1149 863 1220 Patrensi
898 1158 1080 1222 mutuatus
1114 1160 1184 1239 est,
1215 1163 1320 1250 atque
1344 1157 1382 1229 in

197 1278 445 1377 compendium
478 1277 611 1373 redegit
636 1275 730 1372 quod
755 1276 857 1348 hodie
881 1280 1048 1362 Λούκιος
1074 1284 1095 1368 ἢ
1118 1274 1238 1365 ’Όνος
1263 1282 1382 1355 inseri.

196 1406 302 1479 bitur.
340 1404 490 1503 Apuleio
527 1428 596 1477 non
634 1404 750 1476 minus
787 1429 893 1500 quam
930 1404 1038 1478 Lucio
1077 1405 1259 1503 placebant
1285 1433 1381 1482 sacra

198 1536 362 1633 mystica,
395 1559 502 1631 quare
532 1532 582 1605 nil
611 1559 653 1605 ex
678 1533 771 1605 illius
796 1558 897 1630 opere
921 1535 1056 1622 omisit,
1083 1534 1143 1607 sed
1167 1537 1286 1633 paucis
1309 1562 1382 1609 var-

197 1663 250 1736 bis
275 1662 468 1761 praemissis
493 1662 663 1757 integram
688 1661 919 1734 narrationem
944 1687 985 1734 ex
1007 1663 1136 1735 Graeco
1155 1663 1192 1734 iu
1213 1663 1380 1738 Latinum

197 1817 388 1871 sermonem
415 1791 536 1879 vertit,
562 1800 640 1863 tum
666 1791 833 1863 nonnulla
854 1790 896 1862 de
921 1815 983 1862 suo
1007 1791 1153 1864 addidit.

246 1921 298 1992 llx
322 1918 385 1991 hac
410 1918 629 2014 ingeniorum
655 1918 850 1990 diversitate
875 1917 1006 1991 factum
1034 1928 1150 1992 estut
1176 1921 1309 1995 brevior
1319 1923 1382 1997 illa

196 2046 362 2119 *Luciani
386 2046 554 2133 narratio,
580 2069 669 2142 quae
692 2046 840 2118 iocosam
865 2053 901 2117 et
923 2044 1067 2117 hilarem
1087 2045 1224 2121 fabulae
1245 2059 1379 2146 partem

195 2174 451 2271 complectitur,
486 2173 588 2245 huius
621 2183 782 2245 naturam
808 2181 843 2244 et
866 2172 1019 2245 indolem
1045 2174 1125 2246 satis
1149 2186 1305 2249 accurate
1329 2204 1380 2251 re·

193 2302 314 2388 ferret,
348 2328 368 2373 a
401 2326 471 2398 qua
504 2301 632 2398 Apulei
665 2300 769 2372 libros
802 2300 902 2397 longe
927 2300 1117 2398 discrepare
1141 2305 1235 2401 apud
1259 2331 1379 2380 omnes

195 2429 346 2502 eruditos
378 2430 415 2501 in
448 2403 622 2527 comperto
656 2438 717 2504 est.
753 2428 869 2503 Quare
903 2452 972 2499 non
1010 2438 1061 2500 est
1093 2431 1187 2525 quod
1212 2433 1379 2506 miremur

196 2559 283 2630 hanc
308 2558 536 2629 narrationem
564 2557 773 2652 graviorem,
799 2556 895 2628 illam
921 2556 1037 2653 potius
1061 2557 1210 2631 iocosam
1236 2560 1377 2656 legenti·

195 2685 260 2757 bus
285 2685 392 2756 visam
416 2709 497 2758 esse.
525 2684 648 2780 Neque
672 2684 789 2781 ipsum
811 2683 976 2755 Photium
997 2683 1035 2755 id
1054 2683 1162 2780 fugit,
1186 2687 1247 2782 qui
1260 2695 1378 2761 tamen

194 2813 288 2910 quod
314 2821 413 2885 acute
439 2821 672 2911 perspexerat,
699 2836 768 2884 non
793 2819 884 2883 recte
908 2811 1098 2909 explicavit.

243 2940 339 3014 lnter
361 2964 400 3011 ea
424 2964 515 3036 quae
540 2940 710 3037 Apuleius
736 2938 836 3012 Lucii
860 2940 1047 3013 narrationi
1072 2941 1209 3015 addidit
1231 2969 1377 3042 praece·

190 3068 271 3139 teris
301 3067 515 3139 numeranda
548 3076 599 3139 est
631 3067 810 3140 notissima
829 3067 889 3139 illa
913 3066 957 3139 de
984 3070 1134 3156 „Amore
1159 3079 1194 3143 et
1218 3071 1372 3168 Psyche’'

189 3196 307 3268 fabula
340 3220 496 3268 necnon
523 3195 648 3267 ultima
672 3195 732 3267 lib.
760 3194 815 3266 XI
839 3219 936 3292 pars,
963 3220 1050 3293 quae
1078 3197 1234 3295 scriptori
1258 3199 1377 3298 impri-

190 3325 257 3396 mis
289 3347 407 3396 ansam
442 3323 602 3420 praebuit
638 3348 730 3395 sacra
763 3322 863 3395 Isidis
889 3321 995 3395 effuse
1020 3323 1205 3412 laudandi,
1231 3326 1276 3398 de
1300 3328 1376 3423 qui-

190 3450 275 3540 bus,
302 3461 342 3523 ut
366 3476 402 3523 re
428 3458 606 3549 expertus,
633 3475 739 3547 quam
765 3450 994 3549 copiosissime
1022 3449 1183 3524 disserere
1208 3454 1332 3549 potuit.
