3082 4988
733 362 777 432 13

166 555 314 652 φεύγων
349 551 492 641 δὲτὴν
526 553 566 625 ἐν
599 552 728 649 λόγοις
765 553 1025 643 καινοτομίαν
1059 550 1114 633 είς
1145 550 1352 648 ύπερβολὴν
1449 603 1454 620 .

167 679 296 770 διώκει
324 685 391 770 τὴν
415 682 453 754 έν
478 689 561 766 τοῖς
585 677 797 776 διηγήμασι
818 680 1030 775 τερατείαν,
1053 681 1122 752 καὶ
1145 679 1196 764 ώς
1218 679 1269 752 ἄν
1291 707 1353 765 τις

165 815 286 901 είποι,
312 811 425 895 άλλος
447 810 529 883 ἐστι’
550 809 785 893 Λουκιανός.
809 817 850 880 οἱ
869 805 917 880 δέ
934 836 975 905 γε
995 816 1134 903 πρῶτοι
1156 809 1272 882 αυτοῦ
1286 806 1353 883 δύο

166 939 273 1037 λόγοι
294 942 419 1032 μόνον
440 939 485 1012 ού
505 937 796 1035 μετεγράφησαν
815 937 969 1033 Λουκίῳ
990 938 1032 1008 ἐκ
1051 944 1116 1008 τού
1132 937 1353 1010 Λουκιανοῦ

166 1069 298 1166 λόγου,
322 1070 366 1154 ὃς
387 1070 661 1165 ἐπιγέγραπται
684 1068 833 1151 Λουκις
854 1071 875 1155 ἢ
893 1063 1028 1150 ’Ὸνος,
1050 1071 1071 1155 ἦ
1093 1062 1135 1136 ἐκ
1154 1075 1230 1140 τῶν
1249 1071 1354 1141 Λου-

167 1197 252 1271 κίου
284 1199 407 1296 λόγων
441 1200 661 1287 Λουκιανῷ.
698 1196 796 1268 ε”οικε
830 1192 876 1267 δὲ
904 1196 1048 1285 μᾶλλον
1080 1195 1354 1283 ὁΛουκιανὸς

165 1327 473 1425 μεταγράφοντι,
499 1327 592 1398 ὅσον
618 1323 792 1412 εἰκάζειν.
820 1325 880 1409 τίς
902 1325 974 1422 γάρ
998 1329 1128 1419 χρόνῳ
1151 1327 1355 1420 πρεσβύτε-

167 1481 233 1554 ρος
256 1457 358 1529 ούπω
385 1457 528 1549 ἔχομεν
551 1464 712 1551 γνώναι.
736 1453 804 1526 καί
826 1453 899 1552 γάρ
924 1454 976 1538 ὡς
997 1453 1072 1526 άπὸ
1096 1453 1258 1539 πλάτους
1277 1464 1354 1529 τῶν

165 1587 336 1657 Λουκίου
360 1584 482 1682 λόγων
508 1585 529 1658 ὁ
555 1585 779 1667 Λουκιανὸς
804 1581 1063 1667 άπολεπτύνας
1086 1583 1155 1655 καὶ
1182 1585 1355 1679 περιελὼν

165 1712 239 1787 ὅσα
265 1715 316 1804 μὴ
342 1711 464 1787 ἐδόκει
489 1713 592 1806 αύτῷ
618 1713 710 1808 πρὸς
736 1717 803 1785 τὸν
827 1712 976 1786 οἰκεῖον
997 1718 1175 1809 χρήσιμα
1198 1718 1354 1806 σκοπόν,

165 1844 306 1927 αύταῖς
329 1872 368 1918 τε
388 1844 508 1929 λέξεσι
530 1844 598 1916 καὶ
619 1843 822 1928 συντάξεσι
842 1842 898 1926 είς
919 1847 988 1915 ἕνα
1011 1842 1059 1915 τά
1080 1842 1192 1916 λοιπά
1214 1870 1353 1940 συναρ-

165 1975 296 2064 μόσας
318 1972 451 2068 λογον,
478 1974 623 2056 Λούκις
645 1968 802 2061 ἢὊνος
824 1973 1010 2068 ἐπέγραψε
1030 1973 1073 2043 τὸ
1096 1975 1242 2046 ἐκεῖθεν
1263 2000 1352 2047 οπο·

166 2101 341 2190 συληθέν.
385 2109 491 2199 γέμει
530 2099 570 2173 δὲ
604 2102 625 2174 ό
659 2101 836 2196 ἑκατέρου
867 2100 981 2197 λόγος
1013 2101 1247 2192 πλασμάτων
1280 2101 1354 2194 μὲν

166 2237 367 2323 μυθικῶν,
394 2231 669 2328 άρρητοποιίας
702 2227 744 2301 δὲ
772 2229 955 2324 αἰσχράς.
984 2230 1075 2319 πλὴν
1102 2232 1123 2302 ό
1148 2230 1222 2322 μὲν
1247 2234 1351 2306 Λου-

166 2362 303 2444 κιανὸς
336 2362 517 2463 σκώπτων
550 2362 617 2432 καὶ
651 2357 847 2455 διασύρων
883 2361 950 2447 τὴν
984 2359 1203 2448 Ἑλληνικὴν
1234 2359 1353 2435 δεισι-

166 2487 401 2582 δαιμονίαν,
434 2491 550 2585 ὥςπερ
584 2487 658 2562 κάν
695 2501 778 2573 τοῖς
811 2487 962 2576 ἄλλοις,
988 2488 1058 2561 κάι
1083 2500 1219 2563 τούτου
1246 2490 1353 2564 συνὲ-

166 2647 321 2708 ταττεν,
344 2620 365 2692 ό
387 2616 429 2691 δὲ
450 2620 623 2704 Λούκιος
645 2616 927 2706 σπουδάζοντε
949 2622 1017 2692 καί
1030 2624 1170 2706 πιστάς
1183 2624 1355 2714 νομίζων

166 2747 237 2831 τάς
273 2750 313 2834 ἐξ
349 2746 564 2843 άνθρώπων
597 2750 653 2832 εἰς
679 2747 860 2837 ἀλλήλους
885 2753 1198 2844 μεταμορφώσεις
1224 2751 1294 2836 τάς
1319 2780 1356 2826 τε
1425 2784 1426 2788 ’

166 2882 206 2964 ἐξ
232 2877 381 2974 άλόγων
407 2879 464 2963 είς
490 2878 717 2974 ἀνθρώπους
743 2878 940 2951 σινάπαλιν
960 2881 1028 2952 καὶ
1048 2878 1122 2953 τὸν
1143 2880 1258 2954 ἄλλον
1279 2892 1354 2956 τῶν

167 3008 339 3081 παλαιῶν
372 3012 509 3101 μύθων
533 3009 654 3081 ύθλον
681 3010 751 3080 καὶ
775 3009 975 3100 φλὴναφον
1002 3020 1127 3106 γραφῇ
1154 3009 1354 3106 παρεδίδου

168 3148 290 3210 ταυτα
319 3138 389 3210 καὶ
415 3136 684 3228 συνύφαινενῗ

216 3265 361 3337 Photius
399 3265 507 3360 igitur
545 3264 695 3337 Lucium
735 3264 910 3360 quendam
947 3267 1145 3340 Patrensem
1180 3276 1355 3343 auctorem

136 3395 250 3467 'dicit
282 3394 381 3481 libri,
417 3394 473 3466 oui
498 3393 621 3466 titulus
646 3402 717 3465 erat
745 3397 1090 3490 Μεταμορφώσεων
1116 3396 1234 3495 λόγοι.
1262 3397 1354 3470 Cum

167 3532 284 3606 tamen
308 3524 346 3595 iu
371 3522 479 3596 Asino
505 3521 672 3594 *Luciani
698 3546 776 3593 suos
801 3547 899 3595 casus
924 3533 1038 3595 narret
1057 3525 1190 3597 iuvenis
1211 3526 1354 3621 quidam

167 3650 295 3724 Lucius
331 3677 372 3723 ex
406 3650 491 3723 urbe
524 3649 636 3722 Patris
669 3649 837 3722 oriundus
861 3657 906 3740 1),
940 3651 1037 3723 faoile
1063 3652 1100 3724 in
1126 3654 1354 3750 suspicionem

166 3779 317 3852 incidere
348 3779 455 3877 possit
480 3778 672 3876 quispiam:
700 3778 806 3850 etiam
831 3778 868 3850 in
893 3779 952 3851 illo
977 3804 1078 3877 opere
1103 3781 1146 3854 de
1172 3809 1242 3880 quo
1269 3783 1355 3855 Pho·

166 3906 235 3980 tius
272 3908 426 4005 loquitur
459 3907 587 4006 primas
622 3916 735 4004 partes
768 3907 876 4001 egisse
908 3906 1058 3980 Lucium
1092 3911 1267 4006 quendam
1293 3911 1356 3983 Pa·

112 4075 116 4085 ·
166 4027 334 4125 inensem,
360 4037 594 4110 Patriaroham
620 4045 737 4109 autem
763 4061 824 4133 per
850 4061 998 4110 errorem
1019 4038 1123 4112 huius
1143 4065 1270 4113 nomen
1291 4065 1355 4138 pro

166 4167 307 4239 nomine
331 4168 440 4265 ipsius
463 4167 612 4251 auctoris
636 4166 797 4264 posuisse.

211 4421 235 4492 l)
255 4422 356 4478 Lucius
375 4441 467 4480 eoram
489 4423 581 4478 iudice
603 4422 687 4478 dicit:
711 4429 817 4493 ,ματρῖς
835 4427 884 4480 δὲῗν
902 4429 957 4492 ἡμῖν
975 4429 1073 4494 Πάτρεμ
1096 4435 1142 4489 τῆς
1163 4425 1299 4495 'malus'
