3082 4988
224 1727 279 1799 De
312 1726 422 1801 Lucio
454 1728 576 1801 iuvene
601 1730 638 1801 in
664 1726 801 1803 asinum
826 1729 1070 1824 transfigurato
1095 1727 1264 1825 variisque
1289 1729 1362 1801 eius

173 1856 306 1930 casibus
332 1866 366 1930 et
387 1857 555 1956 Apuleius
579 1856 713 1956 scripsit
736 1867 770 1931 et
790 1854 1002 1946 *Lucianus3
1026 1857 1069 1929 de
1090 1857 1220 1930 ratione
1242 1864 1361 1930 autem

174 2011 263 2083 quae
292 1985 383 2059 inter
414 2012 533 2060 eorum
559 1983 769 2060 narrationes
794 1986 1019 2060 intercederet
1043 1986 1155 2084 deque
1179 1986 1362 2059 necessitu-

173 2114 265 2187 dinis
297 2114 461 2204 vinculis,
495 2114 623 2212 quibus
656 2122 812 2212 utraque..
837 2114 958 2188 tertiae
991 2114 1127 2188 fabulae
1161 2115 1204 2187 de
1239 2113 1360 2186 ecdem

173 2253 376 2340 argumento
413 2271 432 2317 a
468 2244 577 2317 Lucio
615 2244 770 2317 Patrensi
806 2245 843 2317 in
881 2245 994 2316 lucem
1033 2243 1145 2316 editae
1179 2243 1362 2316 coniuncta

173 2381 278 2460 esset,
311 2372 373 2445 diu
407 2374 499 2446 inter
530 2372 619 2446 viros
653 2374 771 2446 doctos
804 2373 967 2446 dissensio
1000 2372 1078 2447 fuit.
1106 2374 1206 2448 Quae
1231 2381 1362 2444 cantro·

174 2501 282 2587 versia
309 2501 389 2574 licet
420 2527 440 2574 a
467 2501 586 2574 multis
612 2501 657 2575 sit
682 2502 829 2598 agitata,
856 2511 972 2574 tamen
999 2502 1055 2596 vix
1079 2501 1150 2574 duo
1175 2502 1363 2574 extiterunt

177 2630 239 2727 qui
264 2655 339 2702 eam
365 2654 502 2728 prorsus
526 2631 646 2703 ecdem
669 2631 773 2703 modo
794 2630 991 2703 solvendam
1014 2656 1085 2703 esse
1106 2630 1361 2703 contenderent.

176 2758 330 2857 Apparet
363 2780 444 2854 ergo
478 2758 674 2854 intricatam
708 2784 784 2832 eam
816 2784 886 2831 esse
917 2759 1126 2858 plenamque
1151 2757 1364 2831 difficultatis

175 2911 359 2984 vereorque
392 2896 432 2960 ut
448 2912 519 2984 ego
544 2912 620 2961 earn
645 2887 858 2987 expediendo
883 2887 1021 2975 multia,
1047 2912 1091 2959 ne
1116 2886 1229 2959 dicam
1255 2885 1364 2958 omni·

176 3017 242 3090 bus
278 3017 493 3091 satisfaciam.
529 3017 653 3090 Multis
687 3025 804 3089 tamen
838 3015 1029 3088 multorum
1064 3014 1242 3088 sententiis
1274 3015 1364 3087 inter

176 3171 211 3219 se
246 3146 451 3244 comparatis
477 3146 575 3219 facile
600 3144 778 3244 apparebit
804 3145 1025 3232 recentiores,
1054 3135 1187 3217 etiamsi
1212 3143 1257 3216 ad
1282 3143 1365 3215 veri-

175 3281 283 3347 tatem
315 3273 471 3347 ncndum
506 3274 737 3372 pervenerint,
773 3248 890 3346 tamen
920 3271 1082 3345 certando
1107 3271 1172 3345 hoc
1195 3280 1365 3344 assecutos

176 3427 247 3476 esse
285 3410 325 3475 ut
358 3402 537 3474 materiem
572 3401 728 3498 undique
760 3408 957 3498 congestam
994 3399 1117 3473 melius
1151 3399 1365 3497 explorarent

176 3531 323 3627 ideoque
357 3530 475 3603 multis
505 3528 694 3618 erroribus,
720 3529 782 3627 qui
807 3528 890 3601 olim
918 3527 1021 3622 vulgo
1047 3527 1350 3600 committerentur

177 3657 398 3732 abstinerent.

228 3785 451 3883 Antiqulcres
474 3787 586 3875 enim,
609 3787 703 3859 velut
724 3785 910 3860 Salmasius
930 3786 1073 3860 Ocurier
1096 3785 1173 3872 alii,
1187 3785 1249 3883 qui
1262 3784 1366 3883 primi

180 3915 339 3989 omnium
372 3915 608 4012 quaestionem
643 3924 844 4003 moverunt,
877 3940 947 3987 non
984 3925 1056 3988 tarn
1082 3915 1265 4009 diligenter
1289 3940 1365 3987 eam

180 4052 371 4118 tractarunt
405 4053 445 4116 ut
478 4043 688 4116 coniecturas
723 4069 812 4140 suas
835 4043 916 4116 satis
949 4043 1114 4140 speciosas
1142 4042 1242 4115 certis
1265 4065 1366 4137 argu·

181 4173 308 4246 mentis
331 4174 469 4245 firmare
493 4178 641 4272 possent.
668 4171 885 4257 Recenticres
910 4196 987 4243 vero
1013 4172 1152 4243 illorum
1178 4170 1293 4242 labore
1313 4168 1367 4240 usi

181 4301 248 4375 alia
272 4301 473 4389 refutando,
500 4301 566 4374 alia
591 4300 831 4398 approband0,
859 4299 1029 4398 quaedam
1056 4299 1099 4371 de
1125 4324 1187 4371 suo
1207 4297 1367 4370 addendo

182 4455 279 4502 suam
313 4429 460 4527 quisque
493 4429 711 4527 protulerunt
744 4428 968 4516 sententiam,
1004 4453 1092 4525 quae
1126 4450 1206 4498 mox
1232 4435 1267 4498 et
1292 4426 1366 4523 ipsa
