3082 4988
743 327 790 400 40

175 518 297 591 nendis
321 517 513 617 periculum
540 517 656 590 fecisse
681 518 762 591 artis
784 518 971 606 scribendi;
993 544 1106 617 neque
1126 528 1177 592 est
1198 528 1362 593 currecte

175 672 256 719 eum
294 648 451 720 statuisse
488 646 699 721 dubitemus.
737 646 806 719 Sed
839 646 1015 745 quomodo
1044 647 1168 720 deinde
1193 647 1362 747 Apuleius

175 776 286 849 dicere
310 776 426 875 potuit
449 801 522 875 cap.
549 777 586 850 I:
610 801 674 864 ‚,ea
695 800 767 847 ecce
783 777 991 871 praefamur
1004 778 1149 864 veniam,
1163 778 1278 875 siquid
1289 839 1296 850 .
1309 837 1316 851 .
1329 835 1359 856 ..

175 904 394 1000 offendero''?
425 904 581 978 Profecto
615 931 739 1003 parum
773 906 805 978 ei
839 905 1003 1004 profuisse
1027 905 1163 977 videtur
1188 905 1281 977 labor
1303 906 1362 979 ille

175 1034 423 1123 aerumnabilis,
449 1059 519 1132 quo
544 1034 774 1107 eruditionem
798 1035 987 1109 absolverat
1004 1035 1167 1107 sermonis
1180 1035 1360 1108 cuiusiam

176 1164 319 1236 minime
356 1163 538 1263 imperitus
571 1171 660 1252 crat,
696 1165 725 1236 si
759 1164 958 1237 etiamnunc
988 1165 1101 1235 rudem
1126 1166 1301 1236 locatorem
1327 1188 1362 1236 se

175 1292 366 1389 profitetur.

223 1420 319 1494 Haec
349 1421 452 1494 verba
485 1420 659 1520 pertinent
692 1429 753 1494 aut
787 1421 831 1494 ad
856 1421 1021 1520 loquendi
1046 1427 1106 1494 aut
1130 1427 1167 1494 at
1191 1421 1362 1494 scribendi

174 1550 384 1623 facultatem.
423 1548 547 1621 Rohde
581 1557 698 1621 autem
731 1574 793 1622 nos
826 1549 928 1622 docet
960 1549 1149 1649 Apuleium
1173 1558 1361 1646 antequam

175 1680 324 1751 Romam
350 1678 513 1775 migraret
536 1678 607 1750 iam
634 1678 716 1751 satis
741 1679 893 1778 peritum
915 1678 1018 1750 luisse
1039 1679 1176 1774 linguae
1197 1678 1360 1767 Latinae,

174 1805 400 1904 quamobrem
439 1831 509 1878 non
542 1806 657 1903 potuit
690 1805 802 1879 dicere
838 1832 872 1880 se
897 1809 933 1879 ia
958 1809 1117 1905 loquendo
1142 1811 1255 1880 rodem
1279 1833 1361 1885 esse.

175 1935 319 2023 Contra,
356 1935 385 2007 si
409 1959 528 2006 verum
562 1942 613 2007 est
638 1959 719 2007 oum
744 1934 876 2008 Romae
901 1942 1037 2008 strenue
1067 1961 1203 2034 operam
1230 1936 1363 2009 dedisse

175 2071 216 2134 ut
257 2062 454 2134 inchoatam
486 2062 646 2135 notitiam
681 2062 842 2135 omnibus
874 2063 1026 2136 numeris
1062 2063 1266 2153 absolveret,
1305 2065 1362 2138 vix

176 2191 338 2264 credibile
363 2198 413 2263 est
439 2216 520 2263 eum
546 2198 733 2288 antequam
758 2215 798 2263 θο
823 2191 1050 2289 pervenisset,
1072 2191 1264 2288 periculum
1277 2195 1359 2264 acri-

176 2319 273 2391 beao'i
304 2319 436 2407 fecisse,
470 2319 530 2391 sed
556 2327 634 2391 tum
660 2319 803 2391 demum
828 2344 938 2415 quum
964 2319 1090 2392 virium
1116 2320 1183 2393 sibi
1206 2321 1361 2394 conscius
1420 2355 1424 2365 ·

174 2454 278 2536 esset,
313 2455 347 2520 et
379 2447 566 2520 confideret
600 2473 635 2520 se
664 2471 856 2520 sermonem
889 2448 1099 2547 perpolitum
1124 2456 1159 2520 et
1183 2450 1361 2523 excultum

174 2577 210 2649 in
236 2577 350 2649 lucem
376 2575 475 2648 edere
502 2600 608 2673 posse.

222 2705 302 2776 Non
338 2703 462 2776 dubito
495 2703 581 2800 quin
615 2704 734 2777 erroris
766 2705 861 2799 origo
885 2729 947 2803 pro
974 2712 1070 2804 parte
1096 2706 1291 2802 quaerenda
1316 2709 1361 2781 sit

173 2835 210 2905 in
249 2833 332 2905 falsa
370 2832 650 2929 interpretatione
686 2833 781 2905 verbi
819 2832 1034 2924 „forcnsis'';
1075 2859 1185 2907 sermo
1218 2835 1361 2909 forensis

174 2961 268 3034 onim
312 2986 383 3033 uon
421 2968 533 3059 potest
570 2961 760 3058 significare
797 2987 1008 3052 sermonem,
1054 2989 1124 3060 quo
1168 2963 1228 3052 „in
1265 2964 1359 3036 loro''

173 3097 341 3178 utuntur,
376 3089 581 3187 (Apuleium
615 3113 810 3186 numquam
841 3116 1020 3165 causarum
1046 3100 1232 3189 patronum
1257 3077 1361 3166 fuisse

173 3218 262 3291 infra
299 3218 553 3308 ostendemus),
587 3219 647 3290 sed
680 3219 753 3291 sine
782 3219 891 3293 dubio
920 3220 1105 3308 „forensis”
1133 3221 1360 3294 derivandum

174 3353 226 3418 est
256 3373 276 3418 a
306 3348 396 3438 foris
429 3347 532 3437 (sicut
565 3347 671 3420 etiam
704 3346 767 3437 IV,
795 3353 840 3420 13
869 3349 1007 3439 „studio
1031 3349 1192 3440 forensi'')
1218 3358 1252 3422 et
1275 3349 1309 3424 h.
1337 3350 1358 3424 l.

173 3476 268 3549 idem
292 3484 343 3548 est
368 3477 462 3573 quod
489 3476 666 3565 „alienas”
692 3478 746 3551 vel
771 3478 1021 3574 .,perepricos'',
1043 3480 1137 3576 quod
1158 3480 1238 3552 satis
1258 3506 1361 3579 appa·

174 3613 225 3678 ret
258 3631 299 3677 ex
331 3630 411 3677 voce
445 3605 556 3677 vicina
591 3605 772 3694 „exotici’',
807 3632 896 3703 quae
921 3607 1089 3681 artissime
1114 3633 1195 3680 cum
1220 3608 1283 3680 hac
1308 3633 1361 3681 co·

174 3734 300 3808 haeret.
335 3736 435 3811 Quae
468 3759 579 3831 quum
612 3735 661 3806 ita
695 3735 782 3823 sint,
818 3735 921 3808 homo
955 3738 1017 3833 qui
1050 3738 1213 3810 sermonis
1244 3737 1361 3811 Latini

174 3863 240 3936 sibi
270 3852 373 3936 alieni
403 3862 526 3935 rudem
553 3863 741 3936 locutorem
767 3889 801 3937 se
827 3866 1027 3962 profitetur,
1053 3865 1141 3938 nihil
1165 3866 1262 3939 aliud
1286 3893 1361 3967 pro-

174 3994 292 4065 fitetur
316 3992 382 4065 nisi
407 3992 489 4081 hoo,
517 4018 552 4065 se
577 3992 614 4065 in
634 3992 694 4065 illo
717 4003 872 4066 sermone
894 3994 1051 4067 nondum
1071 4020 1138 4067 usu
1158 3995 1361 4092 quotidiano

174 4147 245 4194 esse
269 4129 461 4210 versatum,
488 4122 597 4220 (quod
622 4146 690 4194 non
717 4121 906 4220 Apuleius,
937 4123 1113 4220 aptissime
1133 4148 1212 4196 vero
1232 4121 1360 4197 Lucius

174 4249 373 4323 Corinthius
400 4251 443 4323 de
468 4275 503 4323 se
528 4250 681 4349 profiteri
707 4251 853 4348 potuit);
880 4276 992 4350 neque
1016 4253 1110 4325 idem
1131 4252 1236 4325 homo
1257 4253 1360 4326 modo

175 4379 286 4451 dicere
312 4380 427 4478 potuit
446 4405 481 4452 se
501 4379 594 4453 illius
615 4379 780 4453 sermonis
803 4380 1031 4454 eruditionem
1053 4381 1244 4458 absolvisse.
1270 4383 1361 4483 Ergo
