3082 4988
749 365 793 438 19

173 553 431 652 quodammodo
465 552 638 627 socordiae
671 560 851 639 accusant3
887 579 969 626 nam
1005 554 1077 627 sine
1107 554 1215 627 dubio
1239 570 1274 627 et
1299 551 1364 627 hoc

172 684 246 758 loco
278 658 348 757 non
381 683 443 757 ahs
467 709 504 756 re
527 683 640 755 fuerat
665 682 835 755 diversam
858 689 1020 755 naturam
1046 683 1228 779 utriusque
1254 683 1365 779 operis

172 811 333 886 indicare.
370 811 499 884 Lucius
534 810 646 897 enim,
682 818 723 881 ut
755 810 828 907 ipse
862 809 1009 882 Photius
1044 810 1133 902 (cod.
1163 814 1247 900 129)
1287 835 1365 882 con·

172 939 304 1028 tendit,
347 938 518 1012 scribebat
560 937 785 1029 σπουδάζων
821 941 890 1013 καὶ
922 943 1063 1024 πίονας
1096 941 1314 1031 νομίζων..
1332 999 1364 1013 ..

173 1067 251 1139 κτλ.
263 1102 270 1154 ;
297 1066 405 1138 fidem
429 1066 538 1162 igitur
562 1066 686 1139 habuit
712 1067 867 1141 Antonio
893 1067 1061 1164 Diogeni;
1086 1067 1262 1140 Lucienus
1287 1092 1366 1140 vero

174 1194 340 1289 Diogenis
364 1195 595 1266 narrationem
620 1194 657 1266 in
683 1195 809 1267 ludum
831 1196 990 1292 iocosque
1007 1196 1160 1268 detorsit.
1176 1195 1245 1267 Sed
1259 1195 1367 1268 maior

175 1324 280 1395 etiam
317 1323 359 1394 fit
390 1322 537 1420 suspicio
570 1323 599 1395 si
633 1322 750 1395 Photii
784 1324 950 1422 temporis
983 1324 1153 1397 rationem
1187 1322 1367 1422 perpendi·

175 1476 273 1540 mus,
306 1451 364 1523 cni
390 1451 419 1522 si
445 1450 659 1522 credendum
685 1458 795 1539 esset,
822 1451 908 1525 Ant.
936 1452 1110 1547 Diogenes
1136 1451 1274 1523 vixisset
1300 1452 1369 1539 „ori

173 1581 263 1653 λίαν
307 1582 431 1676 πόρρω
472 1587 549 1651 τῶν
586 1587 743 1675 χρόνων
781 1588 848 1654 τοῦ
885 1581 1082 1674 βασιλέως
1120 1577 1367 1678 Ἀλεξάνδρου

175 1706 363 1803 (Magni).''
398 1707 544 1780 Summo
577 1707 651 1779 iure
684 1707 809 1779 Rohde
835 1708 936 1799 (Ueb.
961 1707 1077 1782 Luc's
1101 1701 1219 1794 ’Όνος
1245 1734 1278 1806 p.
1307 1713 1367 1800 20)

175 1836 321 1908 miratus
368 1844 419 1907 est
458 1834 547 1908 hanc
584 1859 658 1906 rem
697 1835 781 1907 alios
816 1861 887 1909 nou
928 1835 1129 1911 offendisse:
1169 1837 1369 1925 „seltsamer

176 1962 292 2036 Weise
325 1962 438 2036 haben
472 1963 613 2036 Vossius
648 1963 724 2035 und
757 1963 888 2037 Koraes
921 1964 1020 2039 Vorr.
1046 1990 1089 2037 zu
1114 1964 1282 2038 Heliodor
1308 1964 1369 2036 das

175 2090 278 2187 ruhig
310 2090 637 2186 nachgeschriehen;
674 2117 709 2164 es
743 2092 866 2165 bedorf
895 2092 1003 2166 kaurn
1030 2093 1090 2166 des
1114 2091 1370 2166 Nachdenkens

175 2245 237 2292 um
263 2218 354 2291 diese
381 2219 566 2292 Annahme
592 2221 642 2292 als
668 2244 755 2316 ganz
780 2221 982 2316 unmoglich
1010 2246 1052 2293 cu
1077 2221 1261 2294 erkennen.
1298 2221 1370 2292 Das

175 2347 236 2420 sah
269 2347 363 2420 denn
394 2347 483 2421 auch
517 2347 622 2420 schon
657 2348 803 2422 Solanus
835 2374 878 2421 nu
902 2348 986 2423 Luc.
1015 2347 1096 2423 Ver.
1123 2349 1217 2422 Hist.
1246 2352 1264 2420 1
1294 2348 1368 2436 ein;

176 2500 220 2547 er
252 2483 460 2572 versagte
495 2499 647 2571 wegen
681 2476 831 2550 dieses
860 2479 993 2550 einen
1018 2478 1248 2550 Irrthums
1273 2476 1370 2548 dem

176 2603 369 2675 Photius
399 2602 483 2674 den
509 2603 753 2677 Glauben.''
789 2604 856 2676 His
880 2605 989 2700 igitur
1013 2605 1117 2677 rebus
1143 2604 1260 2677 Photii
1285 2605 1371 2676 fides

176 2730 418 2818 labefactatum
445 2739 619 2803 attamen
641 2731 746 2804 nimis
768 2756 880 2804 severe
901 2756 1000 2828 agere
1022 2731 1110 2804 mihi
1125 2731 1297 2804 videretur
1309 2732 1372 2829 qui

176 2858 221 2930 ob
240 2858 334 2930 hunc
347 2881 458 2931 unum
472 2883 620 2930 errorem
633 2884 710 2930 eam
723 2884 861 2956 prorsus
874 2859 1009 2933 nullam
1021 2860 1126 2932 fuisse
1138 2861 1369 2934 contenderet.

226 2987 358 3058 Omnes
379 3011 466 3082 quos
487 2986 602 3059 adhuc
624 2967 823 3060 enumeravi
845 2987 888 3059 de
905 2994 1023 3061 nostra
1036 2989 1237 3085 quaestione
1251 2987 1371 3085 dispu-

177 3122 289 3187 tantes
313 3113 378 3187 hac
402 3114 440 3186 in
466 3139 503 3186 re
528 3123 775 3188 consenserunt
804 3115 905 3187 verba
930 3116 1057 3188 codicis
1083 3120 1153 3190 129
1180 3115 1317 3206 Photii,
1332 3124 1373 3189 ut

176 3241 276 3315 nobis
310 3250 441 3314 servata
476 3251 578 3330 sunt,
613 3241 703 3314 nihil
728 3242 812 3314 certi
838 3242 959 3314 docere
983 3243 1027 3315 de
1052 3243 1257 3339 cognatione
1282 3266 1371 3340 quae

177 3370 268 3442 inter
293 3369 380 3442 duas
405 3369 617 3441 narrationes
632 3369 764 3442 *citatas
788 3369 997 3457 obtinuerit,
1021 3371 1110 3443 hauc
1132 3395 1209 3442 vero
1222 3369 1371 3442 difficul-

177 3506 286 3570 tatem
320 3497 482 3597 praebere
516 3497 611 3594 quod
645 3522 758 3594 neque
783 3497 889 3570 fidere
914 3497 956 3570 iis
981 3523 1094 3595 neque
1120 3522 1257 3596 prorsus
1284 3497 1372 3570 diffi-

179 3624 259 3696 dere
291 3627 473 3723 possimus.
514 3623 562 3697 Ut
597 3632 715 3696 tamen
747 3624 890 3721 aliquod
924 3650 994 3721 quo
1031 3625 1224 3698 niterentur
1249 3625 1372 3697 funda-

179 3760 339 3826 mentum
373 3752 541 3826 haberent
576 3752 641 3825 viri
673 3752 785 3840 docti,
815 3751 860 3824 ad
885 3752 1097 3825 coniecturas
1123 3752 1371 3848 confugerunt,
1491 3759 1492 3762 ’

178 3906 268 3978 qnae
306 3881 424 3977 quales
450 3881 656 3953 essentiam
682 3905 785 3977 supra
810 3879 973 3954 vidimus.
1007 3881 1050 3953 In
1074 3880 1373 3953 dissertationibus

177 4017 295 4081 tamen
320 4032 392 4080 non
417 4009 607 4104 tetigerunt
632 4007 692 4080 illa
716 4007 820 4080 verba
846 4007 974 4104 quibus
1000 4008 1148 4081 Photius
1172 4033 1246 4080 rem
1273 4034 1308 4080 se
1332 4007 1371 4079 il·

178 4137 409 4209 lustratorum
435 4137 583 4234 speravit
608 4162 724 4209 revera
749 4145 868 4208 tamen
894 4135 1141 4208 intricationem
1167 4136 1273 4208 etiam
1298 4134 1373 4207 red·

178 4254 289 4353 didit;¹
313 4262 420 4337 verba
445 4264 521 4336 volo
546 4289 635 4361 quae
661 4263 831 4335 diversam
851 4271 1013 4335 naturam
1034 4263 1215 4360 utriusque
1236 4262 1375 4335 fabulae

178 4400 339 4488 tangunt,
366 4393 474 4484 (πλὴν
500 4395 520 4466 ὁ
543 4390 619 4488 μὲν
639 4393 864 4476 Λουκιανὸς
887 4393 1067 4464 σκώπτων
1083 4451 1090 4465 .
1106 4450 1113 4466 .
1131 4450 1163 4466 ..
1186 4387 1267 4465 odi
1280 4393 1375 4466 Λού·
