3082 4988
778 379 825 448 16

210 563 340 652 brand,
367 565 428 661 qui
452 564 567 637 locum
591 573 726 653 tuetur,
751 566 801 637 ita
828 566 993 664 explicat:
1021 565 1142 654 „litem
1166 566 1216 638 ita
1242 565 1388 642 direme-

209 693 301 765 »rim
334 702 375 766 ut
407 701 468 766 aut
493 719 618 768 errasse
642 694 679 767 in
703 720 743 768 eo
769 694 960 793 Apuleium
986 720 1174 792 ponamus,
1201 694 1262 791 qui
1288 693 1394 766 'Phes-

208 822 345 893 »salum
366 847 447 894 eum
462 823 597 911 fecerit,
610 823 648 894 id
664 823 758 920 quod
771 823 809 895 in
821 823 923 896 rebus
937 832 989 896 sat
1001 823 1146 920 cognitis
1159 848 1220 920 per
1232 849 1253 895 a
1265 821 1393 894 liorum

207 950 437 1048 »scriptorum
458 952 614 1050 exempla
633 951 824 1039 indicatur,
848 960 928 1041 aut,
941 951 1036 1050 quod
1050 951 1171 1025 timide
1185 950 1393 1049 pronuntio,

209 1102 303 1150 »non
336 1088 408 1151 tam
432 1088 626 1152 accuratam
650 1079 753 1152 fuisse
779 1105 818 1152 eo
844 1088 999 1178 tempore
1025 1078 1291 1175 descriptionem
1316 1103 1392 1176 pro-

209 1206 423 1279 »vineiarum
448 1216 490 1280 ut
509 1232 616 1280 unam
641 1232 703 1306 pro
727 1209 833 1281 altera
858 1232 983 1306 ponere
1008 1207 1134 1282 liceret.
1156 1208 1393 1279 Glossema

210 1334 344 1407 »haec
364 1336 498 1409 verba
518 1361 603 1409 non
625 1337 824 1434 sapiunt.
848 1337 1034 1413 Quomodo
1054 1336 1148 1409 enim
1169 1361 1296 1434 quaeso
1317 1336 1393 1408 fieri

208 1464 348 1562 »potuit
372 1474 413 1536 ut
438 1465 562 1538 sciolus
587 1466 730 1563 quidam
752 1466 910 1539 librarius
934 1465 1073 1538 nomine
1094 1463 1286 1537 Thessaliae
1305 1465 1392 1537 lecto

209 1592 459 1666 »Plutarchum
493 1595 634 1692 eiusque
666 1604 829 1693 nepotem
864 1595 1008 1667 Sextum
1033 1595 1070 1666 in
1097 1593 1300 1666 memoriam
1326 1593 1393 1666 sibi

209 1731 422 1810 >›revocaret,
469 1747 581 1819 quum
626 1747 729 1795 nemo
765 1721 947 1795 Thessalus
984 1732 1087 1795 notus
1124 1723 1169 1795 sit
1207 1723 1268 1819 qui
1307 1747 1389 1794 cum

209 1848 362 1921 »Boeoto
387 1851 576 1948 permutari
601 1860 714 1947 queat.
742 1851 874 1924 Doctus
899 1860 1038 1923 tantum
1062 1849 1189 1947 Apulei
1215 1849 1392 1938 librarius,

210 1976 297 2072 »qui
333 1985 422 2050 totos
459 1977 785 2077 Metamorphoseon
817 1979 921 2051 libros
954 1979 1025 2051 iam
1058 1986 1158 2051 antea
1183 1978 1390 2077 perlegerat,

210 2104 307 2177 »loco
333 2106 419 2181 Met.
445 2107 501 2196 II,
528 2113 549 2180 3
576 2107 637 2180 ubi
661 2107 858 2206 Byrrhaena
883 2107 982 2180 Lucii
1006 2108 1199 2205 propinqua
1224 2106 1393 2203 originem

147 2259 156 2282 ·
210 2259 255 2306 »a
287 2234 471 2308 Plutarcho
504 2236 663 2326 deducit,
699 2238 905 2310 commoveri
938 2244 1088 2335 poterat,
1125 2245 1165 2309 ut
1197 2237 1297 2309 initio
1320 2236 1392 2308 iam

211 2362 364 2461 »Apulei
388 2365 557 2438 familiam
582 2365 900 2439 commemoraret.''

261 2492 491 2567 Temerariam
520 2520 600 2568 sane
625 2495 834 2593 quaestionis
858 2494 1090 2592 expediendae
1113 2493 1205 2566 viam
1230 2493 1392 2565 Gonnus·

213 2646 307 2694 cuns
339 2624 515 2714 (Zeitschr.
549 2624 747 2699 10111111.
775 2625 902 2721 Gymn.
931 2627 976 2696 23
1003 2623 1120 2720 Jahrg.
1148 2623 1391 2712 1871111111.

173 2835 174 2839 Ἰ
213 2752 364 2824 Miratur
396 2779 514 2826 omnes
539 2754 739 2852 interpretes
763 2753 817 2825 his
841 2752 952 2825 verbis
977 2752 1159 2850 perductos
1184 2750 1393 2823 existimasse

212 2880 438 2953 Plutarchum
459 2892 494 2954 et
514 2855 657 2954 Sextum
678 2907 720 2953 ex
739 2881 911 2954 Thessalia
929 2881 1097 2976 originem
1112 2878 1265 2966 duxisse,
1280 2903 1392 2976 quum

212 3018 328 3081 tamen
364 3008 494 3083 Lucius
529 3010 617 3082 nihil
653 3009 749 3082 aliud
785 3010 909 3082 dixerit
940 3009 1007 3082 nisi
1039 3008 1277 3103 cognationem
1309 3032 1391 3080 cum

212 3137 397 3211 Plutarcho
430 3141 501 3213 viro
535 3139 619 3212 olim
651 3139 812 3212 Graeciae
846 3146 1061 3237 procuratore
1086 3138 1257 3233 Sextoque
1282 3136 1391 3235 philo·

213 3267 319 3365 sopho
352 3267 418 3340 sibi
450 3276 486 3340 et
517 3267 600 3341 alibi
625 3277 660 3341 et
684 3269 721 3341 in
744 3269 900 3366 proxima
924 3267 1096 3339 Thessalia
1120 3266 1249 3339 famam
1274 3275 1308 3337 et
1332 3265 1391 3338 ho-

213 3420 331 3468 norem
372 3397 550 3497 praebere3
589 3423 694 3495 quam
728 3422 819 3486 rem,
854 3422 916 3495 pro
949 3395 1086 3491 cognita
1117 3395 1210 3468 illius
1241 3394 1392 3467 familiae

212 3523 338 3618 gloria,
375 3533 448 3598 tam
480 3526 578 3599 facile
610 3527 757 3622 intelligi
789 3535 841 3606 utv
862 3524 994 3596 nemini
1026 3522 1262 3596 admirationis
1291 3548 1392 3596 causa

213 3677 283 3725 esse
315 3655 430 3751 possit.
460 3654 537 3727 Hoc
562 3680 633 3727 uno
657 3680 692 3727 se
717 3653 922 3727 commoveri
947 3652 1114 3739 affirmat,
1141 3651 1235 3748 quod
1261 3650 1391 3724 Lucius

213 3805 252 3852 eo
285 3782 358 3854 loco
390 3809 472 3856 cum
501 3782 568 3856 illis
601 3783 681 3856 viris
713 3789 956 3884 componatur,
990 3805 1075 3878 quos
1106 3807 1147 3853 ex
1172 3780 1391 3853 historiarum

213 3910 434 4007 scriptoribus
459 3913 643 3985 recentiore
668 3920 778 3984 aetate
804 3912 924 3984 vixisse
948 3909 1118 3984 novimus.
1145 3909 1249 3986 Quod
1274 3918 1397 3981 tamen-

212 4048 325 4112 censet
356 4041 511 4113 consulto
537 4067 560 4130 ,a
586 4038 910 4136 Metamorphoseon
935 4037 1098 4135 scriptore
1123 4037 1198 4109 fieri
1221 4037 1391 4135 potuisse,

212 4177 253 4269 ut
286 4178 500 4242 venustatem
533 4168 709 4266 quandam
733 4166 869 4240 fabulae
894 4166 1034 4238 adderet
1059 4165 1198 4238 atinde
1224 4165 1267 4237 ab
1290 4165 1391 4239 initio

213 4296 403 4392 legentium
449 4299 681 4371 curiositatem
726 4297 904 4383 excitaret3
950 4301 1067 4367 tamen
1104 4293 1199 4366 idem
1236 4293 1392 4367 concedit

214 4425 404 4523 Apuleium
428 4427 512 4500 haee
535 4427 572 4499 in
597 4425 753 4523 exemplo
778 4425 906 4496 Graeco
930 4423 1082 4496 invenire
1107 4425 1268 4521 potuisse.
