3082 4988
749 389 795 457 29

176 594 277 668 opere
306 571 474 670 explendo
504 572 693 667 imaginem
719 572 914 644 communis
936 573 1139 671 exemplaris
1164 575 1246 647 satis
1272 601 1370 648 accu-

175 706 286 772 ratam
310 701 479 773 lectorum
504 699 611 772 oculis
637 699 802 772 subicere.
829 700 985 790 (Dissert.
1013 725 1090 798 pag.
1120 705 1190 791 56).

224 828 374 902 Duobus
401 828 582 926 postremis
607 853 696 923 quae
721 829 862 925 exposui
887 828 1025 901 iudiciis
1050 853 1119 901 non
1143 855 1283 927 possum
1297 857 1367 904 non

175 964 270 1030 totus
302 955 477 1044 assentiri3
504 956 609 1028 miror
632 963 750 1027 autem
777 956 983 1029 sententiam
1010 982 1117 1052 quam
1144 957 1268 1031 Rohde
1293 985 1370 1058 pro-

175 1085 361 1158 nuntiavit.
388 1085 511 1160 Quum
536 1084 630 1156 enim
656 1083 784 1182 Apulei
809 1082 1045 1180 *Lucianique
1068 1084 1205 1157 fabulae
1219 1086 1283 1159 hoc
1296 1095 1369 1159 tan-

175 1221 254 1286 tum
290 1213 474 1285 discrimen
507 1211 652 1285 offerant
677 1212 772 1308 quod
797 1211 881 1284 haec
905 1212 1010 1284 artior
1035 1212 1079 1285 sit
1107 1220 1142 1285 et
1166 1214 1370 1286 contractior

176 1364 283 1436 quam
320 1340 399 1428 illa,
435 1347 583 1437 utraque
614 1347 733 1411 autem
764 1340 885 1412 eadem
918 1340 1042 1412 iisdem
1075 1337 1187 1413 verbis
1214 1349 1369 1413 enarrata
1511 1402 1513 1407 ,

175 1467 368 1555 contineat,
396 1473 430 1539 et
455 1475 642 1565 postquam
664 1467 770 1539 recisa
795 1476 878 1540 sunt
903 1468 1089 1556 nonnulla,
1116 1468 1241 1540 iisdem
1258 1469 1369 1541 verbis
1482 1530 1484 1535 .

175 1593 367 1690 eademque
400 1601 573 1667 structura
605 1600 715 1667 cetera
748 1595 936 1683 iterentur,
963 1620 1079 1667 nonne
1105 1605 1226 1693 sponte
1252 1597 1368 1669 Photii

176 1721 360 1793 verborum
397 1722 434 1794 in
471 1729 626 1795 mentem
658 1722 771 1809 venit,
806 1747 846 1794 ex
880 1722 1009 1819 quibus
1034 1723 1166 1795 efficere
1186 1748 1369 1821 possumus

175 1848 266 1921 inter
286 1848 436 1922 Lucium
461 1856 497 1921 et
521 1849 737 1922 *Lucianum
764 1849 858 1921 idern
885 1850 1098 1947 cognationis
1122 1850 1300 1922 vinculum
1314 1877 1369 1923 ex·

176 1976 302 2049 stitisse
327 1976 422 2074 quod
446 1978 536 2049 inter
561 1976 751 2074 Apuleium
778 1984 813 2048 et
833 1976 1075 2050 *Lucianumi
1097 1978 1275 2050 Sententia
1288 2003 1367 2074 ergo

176 2128 296 2176 eorum
329 2104 391 2201 qui
419 2111 579 2177 statuunt
612 2103 741 2202 Apulei
775 2111 810 2176 et
834 2103 937 2177 Lucii
962 2104 1195 2176 narrationem
1220 2105 1367 2177 eandem

176 2256 263 2319 esso,
290 2231 478 2329 probabilis
503 2238 537 2303 et
561 2232 630 2304 fere
655 2238 748 2303 certa
768 2231 922 2319 videtur;
949 2233 979 2304 is
1006 2233 1128 2305 saltem
1154 2232 1216 2328 qui
1237 2240 1368 2304 contra·
1421 2241 1424 2247 '

174 2358 225 2431 ria
250 2359 429 2431 contendit
453 2360 563 2431 firmis
588 2359 802 2454 argumentis
824 2360 1024 2457 opinionem
1037 2387 1136 2433 suam
1149 2360 1239 2433 tueri
1251 2360 1366 2432 debet.

175 2485 218 2557 Id
248 2486 344 2582 quod
367 2485 549 2559 Rhodium
576 2486 694 2559 fecisse
717 2511 788 2559 non
814 2487 1021 2560 contendam
1047 2487 1228 2584 equidem;
1251 2486 1368 2558 omnia
1511 2541 1514 2546 -

175 2611 270 2683 enim
293 2636 381 2708 quae
405 2613 500 2710 apud
525 2613 716 2711 Apuleium
742 2614 926 2711 leguntur,
953 2623 1087 2711 praeter
1112 2640 1151 2687 ea
1172 2640 1261 2711 quae
1279 2623 1367 2687 tam-

132 2801 135 2805 ,
175 2764 283 2836 quam
306 2741 470 2812 nucleum
494 2741 697 2814 narrationis
722 2741 894 2829 efficiunt,
918 2742 1021 2814 unico
1045 2742 1193 2840 Apuleio
1207 2741 1367 2815 attribuit

174 2874 279 2963 atque
312 2867 421 2940 ullam
453 2868 544 2941 inter
568 2868 662 2941 hunc
687 2876 722 2941 et
747 2868 947 2941 Patrensem
973 2869 1200 2943 intercessisse
1224 2869 1367 2942 necessi-

174 2993 335 3066 tudinem
372 2985 560 3093 praefracte
592 3004 713 3092 negat;
750 2996 833 3069 haec
865 3003 982 3069 autem
1009 2998 1137 3095 profert
1162 3003 1367 3093 argumenta

175 3127 266 3219 (pag.
295 3126 341 3195 14
366 3123 476 3195 libelli
501 3124 587 3215 sui):

222 3250 334 3324 »Was
359 3277 442 3325 man
467 3252 556 3325 auch
582 3260 676 3325 sonst
700 3253 787 3326 iiber
811 3252 940 3327 Lucius
966 3254 1040 3326 und
1068 3254 1135 3326 den
1160 3253 1235 3325 Ten
1258 3252 1368 3325 seiner

174 3379 395 3476 »Ern'ahlung
427 3380 614 3455 feststellen
648 3391 769 3477 mbge,
803 3407 840 3454 so
875 3383 943 3454 viel
966 3382 1011 3454 ist
1036 3382 1145 3455 sicher
1172 3381 1249 3453 dass
1274 3381 1367 3452 scine

174 3508 473 3605 »Eselgeschichte
511 3510 579 3582 den
612 3510 799 3608 doppelten
833 3509 987 3607 Uml'aug
1022 3509 1083 3583 der
1116 3508 1366 3582 Lucianischen

174 3634 304 3731 »hatte
330 3635 448 3710 Wenn
473 3637 544 3710 sich
571 3663 645 3710 nun
670 3638 823 3734 ergiebt‚
849 3639 926 3711 dass
948 3638 1004 3710 die
1026 3664 1088 3711 aus
1110 3638 1190 3710 dem
1214 3636 1368 3709 Grieohi·

173 3763 301 3837 »schen
326 3765 517 3838 iibersetnte
542 3765 853 3864 Haupterziihlung
879 3766 938 3838 des
962 3766 1132 3866 Apulejus
1158 3790 1273 3863 genau
1298 3790 1368 3837 nur

106 3934 109 3938 -
173 3889 267 3962 »den
300 3890 455 3988 Umfang
485 3893 545 3966 des
571 3892 822 3966 Lucianischen
843 3894 964 3979 “Oros
986 3888 1094 3983 habe,
1122 3920 1159 3966 so
1184 3895 1230 3967 ist
1256 3893 1368 3966 demit

173 4017 303 4091 »sehon
328 4044 364 4091 so
389 4029 455 4116 gut
478 4021 543 4093 wie
569 4021 756 4109 bewiesen‚
784 4022 861 4094 dass
887 4047 924 4095 er
945 4021 1097 4112 Lucian,
1119 4021 1217 4095 nicht
1236 4020 1366 4093 Lucius

173 4172 258 4220 »vor
283 4147 409 4244 Augen
434 4148 546 4225 hett.''
572 4150 697 4223 Rohde
723 4150 830 4246 igitur
856 4151 929 4223 sine
954 4153 1025 4224 ulla
1046 4151 1269 4225 haesitatione
1286 4173 1367 4221 oon-

173 4274 362 4371 elusionem
384 4277 513 4375 profert
533 4303 662 4375 quam,
684 4277 802 4350 Photii
815 4279 1119 4378 yerbisinspectis,
1142 4278 1236 4352 haud
1252 4276 1366 4375 quivis

173 4411 247 4475 tam
273 4411 433 4502 prompte
454 4407 677 4503 pronuntiare
699 4405 852 4480 auderet.
876 4406 998 4504 Neque
1019 4406 1245 4504 sequentibus
1268 4428 1367 4501 argu·
