3082 4988
743 379 788 448 36

224 565 429 662 „Hymettos
473 568 590 637 Atlicc
636 573 669 637 et
708 564 855 636 Iatimoa
892 564 1077 659 Ephyraea
1115 572 1149 636 ci
1188 565 1359 636 Tacaaccc

179 695 378 788 Spartiacc,
399 692 518 790 alciae
533 698 558 783 ¹)
579 694 706 787 felicea
730 701 900 765 aetermam
926 692 1022 764 lebria
1047 692 1263 785 felicioribus
1286 717 1359 763 com·

175 822 286 911 ditae,
320 845 392 894 mcc
419 829 512 894 cetae
532 822 697 916 procopia
722 828 783 895 eat.
811 819 871 891 Ibi
894 821 1040 917 limaeam
1068 821 1215 892 Attidem
1237 821 1360 914 primia

170 955 328 1044 poemiae
351 952 529 1045 stipendiis
554 952 677 1040 mermi,
704 975 777 1021 moa
798 951 833 1020 im
858 950 936 1020 arbe
958 950 1063 1020 Latia
1083 950 1211 1021 advena
1232 950 1359 1021 alodio-

175 1105 246 1151 mim
278 1081 458 1158 Quiritium
486 1081 673 1176 imdiyeaam
698 1102 876 1152 ammonem
897 1077 1117 1150 aerumnabili
1136 1077 1249 1150 labore
1268 1079 1360 1150 mallo

175 1211 334 1306 maaiatm
363 1217 548 1305 praeeunde
582 1233 757 1306 coerceam
791 1209 927 1281 eacclci.
965 1210 1019 1278 Em
1053 1233 1125 1280 ecce
1152 1209 1361 1303 praefamur

175 1340 322 1429 veniam,
363 1340 478 1436 mquid
508 1340 629 1410 emotici
663 1363 703 1409 ac
730 1339 886 1432 sommia
916 1338 1075 1410 cermoaia
1108 1339 1201 1410 codic
1234 1339 1361 1411 locator

175 1467 377 1563 offenderc.''
404 1467 519 1540 Verba
543 1467 700 1540 indicant
724 1466 893 1563 originem
918 1466 1104 1554 Graecam,
1127 1489 1238 1563 neque
1265 1491 1361 1564 prae-

175 1604 227 1669 ter
257 1597 432 1670 insolitam
466 1596 654 1669 dictionem
689 1595 883 1694 quidquam
918 1594 1055 1668 obscuri
1079 1594 1219 1669 habent.
1246 1595 1360 1667 Nemo

174 1725 282 1821 igitur
313 1751 382 1798 non
416 1725 601 1798 mirabitur
630 1724 821 1822 Apuleium
844 1723 907 1796 boc
931 1724 1004 1796 loco
1029 1723 1200 1796 Graecum
1225 1749 1259 1796 se
1283 1748 1361 1821 pro·

175 1854 265 1927 fiteri
289 1879 394 1953 quem
419 1828 685 1927 Madaurensem
711 1878 781 1925 esse
805 1851 1076 1939 credideramm,
1103 1876 1283 1948 quumque
1305 1852 1359 1924 his
1395 1898 1401 1907 ·

175 1983 286 2057 verbis
310 1982 517 2082 opponimus
542 1983 658 2055 locum
682 1981 781 2054 illum
807 2006 914 2080 quam
935 1981 1085 2053 maxime
1105 1989 1360 2054 controversum

175 2113 212 2184 in
241 2111 318 2187 Lib.
346 2111 411 2187 XI.
441 2114 498 2201 27,
525 2111 659 2209 quiite
684 2110 854 2186 sehabet:
870 2170 987 2200 ......
1001 2137 1077 2183 mam
1089 2112 1155 2184 cibi
1167 2110 1360 2201 (sacerdoti)

176 2243 266 2314 aiam
299 2249 349 2313 eat
378 2243 490 2338 quiete
510 2241 684 2336 mroaima,
709 2241 784 2311 dmm
812 2266 929 2338 maffia
954 2241 1013 2311 deo
1038 2265 1174 2313 coronae
1198 2246 1359 2334 cunctat,

176 2377 210 2441 m
242 2371 283 2440 de
317 2371 387 2442 eim
421 2394 477 2441 ore
505 2395 568 2466 qao
601 2369 801 2466 cinamomum
827 2373 931 2461 facta
957 2371 1065 2442 dictat
1092 2371 1242 2457 aadiace,
1269 2371 1361 2441 mili'

176 2498 242 2570 cibi
271 2499 529 2570 Madaurensem
554 2499 616 2570 aed
638 2498 810 2569 admodum
829 2522 1010 2593 pauperem
1026 2558 1033 2573 .
1049 2558 1057 2572 .
1073 2557 1081 2572 .
1097 2496 1129 2570 .''
1151 2496 1266 2570 Verba
1286 2522 1360 2595 pcr-

176 2628 293 2700 tinent
319 2627 363 2700 ad
388 2625 538 2700 Lucium
562 2627 664 2699 Isidis
690 2626 792 2699 sacris
816 2626 1004 2702 initiatum.

225 2755 351 2829 Rohde
395 2756 439 2828 de
472 2755 610 2829 exordio
643 2753 969 2852 Metamorphoseon
1004 2756 1170 2849 disserens
1204 2756 1361 2829 concedit

176 2885 278 2958 verba
299 2884 376 2972 illa,
402 2883 598 2981 quibusda
623 2883 753 2979 origine
779 2892 813 2957 et
839 2883 1042 2957 educatione
1067 2885 1197 2958 Graeca
1221 2885 1358 2980 agitur,

177 3013 205 3086 si
230 3013 274 3086 ad
300 3014 436 3087 literam
462 3012 675 3110 accipiantur
700 3011 745 3083 ad
769 3011 918 3085 Lucium
944 3021 1082 3086 tantum
1108 3013 1269 3086 iuvenem
1294 3013 1358 3087 Oo-

176 3144 346 3217 rintbium
386 3144 503 3217 referri
539 3167 635 3241 posse
671 3167 784 3240 neque
821 3142 867 3215 ad
904 3142 1104 3241 Apuleium.
1145 3142 1357 3242 Opinionem

176 3299 272 3364 vero,
305 3273 455 3347 Lucium
474 3273 688 3346 Patrensem
722 3273 804 3345 inde
835 3271 879 3345 ab
912 3272 1012 3344 initio
1040 3272 1136 3370 loqui
1170 3281 1211 3345 ut
1243 3273 1361 3346 absur-

176 3403 257 3476 dam
283 3403 357 3476 iure
381 3402 479 3476 reicit
492 3406 530 3492 ²).
556 3403 636 3475 Non
658 3401 858 3498 negandum
880 3408 981 3498 putat
1001 3400 1102 3473 verba
1117 3401 1176 3474 ina
1189 3428 1308 3490 „mom
1326 3457 1358 3476 ..

177 3530 378 3625 offeudmo’',
405 3531 533 3627 quibus
558 3558 578 3604 a
602 3531 726 3603 lectore
750 3529 849 3604 venia
869 3529 1000 3627 petitur
1015 3529 1179 3602 sermonis
1190 3529 1286 3627 pravi
1298 3554 1361 3602 nec

175 3684 251 3733 vere
275 3658 410 3749 Latini,
437 3659 551 3758 eloqui
575 3667 749 3732 auctorem
771 3658 1097 3756 Metamorphoseon
1118 3657 1242 3731 Latine
1256 3659 1358 3755 scrip·

172 3835 355 3846 μ-

214 3909 243 3978 1)
272 3908 335 3962 Non
364 3924 475 3977 possum
505 3905 615 3960 credere
644 3905 697 3960 hoc
724 3905 841 3974 „glebae
861 3903 975 3959 felices''
994 3903 1118 3959 alienum
1138 3923 1196 3960 ease
1216 3923 1234 3960 a
1253 3905 1359 3963 Graeco

175 4000 260 4069 „abduc
280 3997 395 4068 dodon?
414 4000 444 4051 eb
465 3995 625 4067 „3943an

213 4089 242 4163 2)
268 4089 340 4143 Mas.
365 4089 416 4142 Rb.
442 4087 476 4140 40
492 4105 523 4157 p.
545 4085 595 4140 81:
616 4085 696 4150 „Von
715 4082 765 4137 der
785 4084 848 4137 sehr
867 4084 1070 4154 uniiberlegben
1091 4085 1276 4157 Bahauptung
1296 4086 1360 4143 desa

175 4179 270 4234 durch'
290 4179 334 4232 die
362 4194 450 4248 gance
479 4176 602 4232 Vorrede
631 4174 680 4229 das
709 4174 791 4228 Worb
819 4173 891 4227 habe
920 4173 1021 4228 Lucina
1046 4192 1100 4231 von
1125 4176 1240 4241 Patrae,
1261 4176 1359 4233 dassen

174 4268 328 4340 griechiach
353 4266 567 4338 geechriebenen
593 4268 798 4334 Maccabaeae
819 4263 954 4334 Apuleius
974 4265 1125 4334 angeblich
1145 4264 1199 4320 den
1219 4266 1359 4337 Hauptin·

175 4359 237 4413 halt
253 4358 342 4413 seinos
357 4358 492 4422 Romans,
510 4373 540 4411 so
556 4355 629 4409 auch
645 4355 691 4409 die
708 4353 896 4409 einlaitenden
907 4355 988 4409 Sabae
998 4355 1129 4410 entlehut
1139 4355 1211 4410 habe
1221 4397 1228 4424 ,
1240 4358 1359 4414 braucht

175 4450 271 4504 weiter
290 4448 355 4504 kain
375 4448 457 4503 Wort
475 4448 576 4517 gecagt
595 4463 630 4500 un
649 4443 789 4501 werden.”
