3082 4988
761 355 807 424 42

181 541 310 638 spricht
335 522 423 613 auch
449 540 505 613 die
530 539 743 636 Aenderung
768 540 828 613 der
853 541 1019 639 Sprache,
1044 540 1193 614 insolern
1213 541 1365 616 n'amlich
1390 617 1395 625 ,

180 668 336 741 dadurch
366 668 423 741 die
449 669 672 765 Darstellung
696 667 862 741 zwischen
886 668 1112 764 griechischer
1136 669 1209 741 und
1233 670 1366 742 lateini-

179 797 275 869 scher
299 797 464 893 F‘arbung
488 776 549 868 hiri
574 796 648 868 und
673 795 734 869 her
759 779 937 869 schuankt
939 855 1044 870 .....
1049 795 1069 822 ”

228 924 347 1020 Longe
377 925 444 998 alia
477 925 531 997 via
555 924 599 997 ab
626 923 866 997 Hildebrando
890 931 1119 1012 monstratur,
1145 926 1207 1022 qui
1232 926 1275 998 de
1299 927 1365 1000 hoc

84 1086 87 1090 ³
124 1032 131 1044 ’
179 1054 254 1126 1000
287 1054 336 1126 ita
368 1053 505 1128 scribit:
541 1061 658 1141 „totus
690 1054 798 1150 igitur
829 1054 923 1125 locus
947 1053 996 1125 ita
1020 1053 1206 1151 capiendus
1230 1062 1298 1127 est=
1324 1081 1365 1129 eo

177 1182 296 1280 »quod
322 1183 493 1277 Graecum
520 1207 714 1255 sermonem
741 1207 822 1253 cum
845 1180 971 1253 Latino
991 1182 1251 1270 transmutavit,
1265 1182 1364 1255 stilus

177 1311 385 1407 »respondet
418 1311 484 1383 arti
519 1312 681 1406 magicae.
709 1310 802 1382 Nam
828 1311 929 1382 utin
954 1310 1014 1382 illa
1039 1309 1195 1383 homines
1219 1311 1256 1383 in
1280 1311 1364 1384 alias

177 1441 329 1536 »figuras
352 1440 568 1513 transsiliunt
593 1449 634 1513 et
651 1440 723 1511 vice
748 1463 842 1512 versa
866 1440 904 1512 in
929 1465 1027 1512 suam
1046 1438 1210 1528 redeunt,
1231 1441 1279 1512 sic
1300 1465 1364 1538 ego

177 1594 340 1666 »quoque
374 1569 418 1642 ab
452 1569 572 1665 lingua
604 1567 729 1642 Latina
762 1568 897 1666 saepius
926 1568 970 1641 ad
995 1593 1110 1641 veram
1136 1569 1292 1666 mihique
1312 1570 1364 1642 in-

176 1698 354 1794 »genitam
377 1688 512 1770 desilire
533 1722 652 1794 cogar,
674 1704 715 1769 ut
735 1699 797 1770 fiat
809 1697 989 1795 utriusque
1002 1698 1139 1794 linguae
1151 1699 1361 1774 commixtio.

175 1827 417 1898 »Desirltorr'oe
441 1826 535 1898 enim
559 1828 721 1899 scientiae
746 1833 797 1898 est
821 1826 975 1914 dativus,
1001 1828 1080 1899 stilo
1101 1834 1152 1899 est
1173 1826 1361 1917 ablativae,

175 1954 294 2051 »quod
319 1980 438 2027 omnes
464 1955 609 2027 omnino·
629 1956 831 2053 interpretes
855 1954 969 2027 adhuc
993 1953 1161 2052 fugerat.''

223 2083 275 2155 Ex
311 2083 364 2156 his
400 2085 553 2181 primum
587 2083 696 2180 liquet
732 2083 1014 2156 Hildebrandum
1046 2083 1129 2156 haec
1162 2082 1265 2155 verba
1295 2084 1363 2182 ipsi

174 2211 322 2308 Apuleio
349 2212 560 2310 ascripsisse,
587 2236 657 2308 qua
681 2211 718 2283 in
743 2236 866 2283 renos
891 2236 972 2282 cum
997 2235 1037 2283 eo
1060 2235 1132 2283 non
1152 2212 1360 2298 consentire,

173 2364 215 2412 ex
246 2338 315 2412 illis
349 2364 436 2436 quae
470 2364 573 2436 supra
605 2339 775 2426 diximus,
810 2338 891 2411 satis
915 2345 1074 2437 apparet,
1101 2362 1213 2435 neque
1237 2362 1361 2434 negare

166 2457 312 2565 ¹possum
345 2466 487 2562 Bdrgeri
515 2465 777 2564 explicationem
804 2465 915 2538 mtdto
940 2465 1205 2563 probabiliorem
1231 2465 1358 2555 videri;

172 2595 381 2693 comparatio
414 2621 494 2667 cum
533 2594 635 2667 verbo
671 2596 902 2667 transsiliende'
939 2602 973 2667 et
1010 2620 1090 2667 cum
1128 2601 1200 2667 arte
1226 2595 1361 2690 magica

173 2724 323 2822 profecto
346 2724 452 2796 nimis
478 2724 579 2819 longe
605 2723 759 2821 quaesita
783 2723 929 2797 videtur.

223 2852 369 2924 Restant
393 2858 565 2950 postrema
589 2851 809 2949 praefationis
833 2851 953 2926 verbe:
978 2852 1158 2946 „fabulum
1174 2851 1359 2924 Graecani-

176 3007 246 3052 cum
279 2981 471 3074 incipimus,
501 2981 605 3051 lector
629 2981 784 3051 intende:
811 2979 1052 3068 „loetodere'e''.
1078 2980 1195 3053 Primo
1220 2987 1360 3078 aspectu
1449 3005 1452 3010 ’

173 3109 229 3181 vix
262 3107 379 3180 credas
404 3114 438 3179 et
464 3108 548 3179 baec
574 3115 686 3180 tantas
710 3109 952 3182 controversias
979 3109 1159 3197 excitasse,
1185 3135 1290 3206 quas,
1314 3135 1359 3183 ne

174 3236 260 3334 quid
304 3236 526 3323 omittamus,
567 3235 714 3309 breviter
750 3237 976 3336 perstringere
1015 3239 1119 3311 iuvat.
1171 3237 1358 3310 Rohdeurn

174 3366 254 3462 qui,
287 3372 328 3437 ut
353 3364 523 3452 vidimus,
550 3371 665 3437 totum
691 3365 873 3463 prologum
897 3365 1047 3464 Apuleio
1072 3365 1253 3454 adscribit,
1279 3367 1359 3439 licet

174 3493 338 3566 concedat
371 3493 545 3596 eundem,
581 3493 610 3565 si
636 3493 739 3566 verba
764 3501 916 3590 spectes,
943 3493 986 3565 de
1011 3493 1118 3566 Lucio
1143 3500 1281 3566 tantum
1305 3520 1359 3568 ac-

173 3621 241 3720 cipi
271 3645 386 3718 posse,
413 3621 542 3693 mirum
568 3646 638 3694 non
664 3628 715 3693 est
739 3628 778 3725 et
799 3603 881 3693 haec
905 3621 1009 3695 verba
1034 3620 1183 3719 Apuleio
1207 3621 1358 3695 tribuere

173 3759 207 3823 et
233 3750 437 3823 contendere
462 3776 543 3823 eum
569 3751 633 3822 hoc
658 3749 731 3822 loco
756 3750 896 3822 lectores
922 3750 1093 3821 monuisse
1118 3775 1153 3822 se
1178 3750 1357 3823 materiem

174 3879 341 3951 Graecam
371 3879 410 3951 in
441 3877 607 3951 Iatinum
640 3902 830 3950 sermonem
864 3878 1085 3966 convertisse;
1120 3903 1185 3949 vox
1216 3877 1357 3966 „fabula

54 4100 57 4104 Δ
175 4005 403 4080 Graecanica’²
435 4006 563 4102 igitur,
592 4006 706 4104 siquid
731 4006 875 4079 Rohdeo
899 4006 1035 4094 credas,
1062 4006 1188 4104 pariter
1212 4031 1252 4078 ac
1275 4006 1356 4094 „de-

174 4137 314 4209 sultoria
338 4136 500 4209 scientia''
527 4136 681 4209 vertendi
705 4143 813 4209 artem
841 4136 1020 4232 siguificat.

222 4265 355 4360 Biirger
392 4289 485 4353 vero,
522 4263 583 4361 qui
620 4290 680 4362 per
712 4271 826 4336 totum
860 4263 1042 4361 prologum
1076 4263 1226 4337 Lucium
1260 4265 1355 4362 loqui

174 4393 364 4481 existimat,
386 4394 469 4465 haec
489 4401 627 4466 tantum
648 4393 750 4465 verba
769 4392 911 4491 excipit;
934 4392 1111 4465 contendit
1125 4393 1355 4494 narrationem
