3082 4988
525 1164 596 1255 DE
624 1166 854 1259 RATIONE
883 1170 1025 1270 uolo

238 1321 398 1411 INTER
426 1320 701 1429 „ASINUM”
730 1322 985 1452 LUllllllUE
1013 1323 1303 1442 Paruulus

395 1475 780 1566 NARRATIONEM
806 1476 1137 1568 lucanorum.

652 1836 889 1844 ———-——

233 2111 285 2181 Ex
317 2108 524 2205 antiquitate
557 2108 603 2180 ad
636 2133 698 2181 nos
726 2116 953 2206 pervenerunt
977 2109 1067 2182 duae
1090 2111 1300 2184 narrationes
1324 2112 1368 2184 dc

184 2237 318 2311 casibus
350 2236 451 2309 Lucii
480 2236 616 2334 juvenis
648 2237 684 2309 in
718 2237 854 2309 asinum
887 2239 1056 2326 conversi,
1089 2264 1238 2336 quarum
1263 2241 1369 2313 altera

185 2365 374 2464 Apuleium
400 2373 575 2437 auctorem
601 2365 725 2454 habet,
755 2366 861 2439 altera
884 2366 1038 2439 Luciano
1064 2367 1247 2456 tribuitur3
1276 2370 1369 2466 prae·

184 2505 275 2568 terea
307 2494 452 2567 Photius
485 2494 681 2567 Patriarcha
713 2494 801 2585 (cod.
832 2498 899 2567 129
931 2494 984 2569 ed.
1011 2494 1158 2586 Bekker)
1184 2496 1369 2569 memoriae

183 2623 328 2696 tradidit
342 2622 479 2696 tertiam
492 2624 722 2695 narrationem
735 2600 908 2695 exstitisse
920 2649 990 2720 qua
1007 2627 1178 2699 Λουκίου
1198 2631 1368 2724 πατρίως

183 2756 494 2850 μεταμορφώσεις
518 2753 784 2826 continerentur.
1067 2852 1069 2856 y

233 2881 481 2958 Quaerendum
506 2890 557 2954 est
581 2881 688 2977 igitur
712 2881 867 2979 primum
892 2907 980 2978 quae
1005 2883 1050 2955 sit
1075 2883 1161 2956 ratio
1182 2884 1272 2956 inter
1293 2909 1367 2957 nar·

184 3010 351 3084 rationem
376 3037 397 3082 a
422 3010 546 3082 Photio
569 3017 795 3082 memoratam
816 3017 850 3081 et
871 3009 1117 3100 *Lucianeam
1140 2989 1265 3084 deinde
1284 3037 1368 3109 quo·

184 3164 267 3211 nam
292 3138 503 3234 cognationis
528 3137 665 3209 vinculo
694 3162 800 3209 nexae
826 3137 894 3209 sint
919 3137 1086 3212 *Luciani
1111 3148 1146 3212 et
1170 3138 1297 3238 Apulei
1321 3139 1368 3211 f-

184 3267 296 3341 bulae.

233 3396 340 3468 Recte
366 3395 519 3493 plerique
540 3395 602 3491 qui
623 3394 770 3492 priorem
791 3394 1053 3467 controversiam
1075 3388 1237 3467 dirimere
1255 3395 1369 3491 conati

184 3535 265 3598 sunt
289 3524 450 3596 viderunt
475 3523 760 3621 proficiscendum
785 3547 855 3595 esse
881 3550 901 3596 a
925 3522 1122 3595 testimonio
1148 3522 1282 3610 Photii‚
1307 3523 1369 3619 qui

185 3653 276 3725 solus
300 3676 516 3748 quamquam
541 3676 651 3749 pauca
676 3659 793 3724 tamen
819 3651 935 3747 aliqua
958 3650 1086 3723 indicia
1111 3649 1240 3725 afferat.
1275 3650 1368 3753 Ante

185 3779 301 3852 omnia
333 3779 445 3852 verbis
477 3779 550 3852 eius
585 3789 741 3852 accurate
765 3778 944 3878 inspectis,
979 3787 1173 3852 statuamus
1197 3757 1369 3877 quatenus

184 3908 269 3980 fides
294 3907 326 3980 ei
352 3908 396 3980 sit
421 3908 596 3996 habenda;
625 3933 704 3980 mox
729 3907 862 4006 patebit
881 3907 945 3980 hac
967 3933 1106 4005 quoque
1125 3909 1163 3981 in
1184 3934 1220 3981 re
1240 3909 1368 3982 iudicia
1396 3993 1399 3998 ,

67 4043 72 4050 ’
185 4037 336 4109 virorum
361 4036 540 4109 doctorum
567 4062 672 4133 quam
700 4037 850 4109 maxime
870 4036 961 4108 inter
981 4061 1016 4108 se
1039 4036 1238 4136 discrepare.
1253 4037 1368 4110 Verba
1484 4087 1487 4093 ι

184 4171 300 4236 autern
328 4163 445 4236 Photii
470 4163 648 4254 (Biblioth.
677 4169 760 4255 129)
786 4173 885 4238 sunt:
917 4169 1165 4264 „drewo‘rodo
1197 4170 1367 4243 Λουκίου

187 4297 373 4388 Πατρέως,
402 4298 726 4390 μεταμορφώσεωκ
758 4295 863 4392 λόγοι
890 4293 1081 4393 διάφοροι.
1112 4299 1195 4369 ἔστι
1230 4295 1271 4370 δὲ·
1302 4301 1368 4386 τὴν

184 4423 329 4520 φράσιν
362 4432 488 4515 σαφὴς
521 4452 559 4498 τε
592 4424 660 4497 καὶ
690 4425 868 4522 καθαρὸς
893 4427 962 4500 καὶ
987 4427 1098 4518 φίλος
1122 4428 1364 4526 γλυκύτητος·
