3082 4988
782 369 828 438 28

137 543 140 549 ¹
209 584 268 632 seu
305 559 456 632 evidenti
487 558 557 631 sive
582 556 686 655 paulo
710 555 904 628 obscuriore
929 580 1010 628 cum
1035 553 1136 629 Lucii
1160 556 1295 629 casibus
1319 582 1399 630 con-
1467 598 1470 605 ·

206 689 345 761 iunctae
379 687 449 760 sint
484 686 541 777 (de
567 686 724 775 Socrate,
750 683 794 756 de
819 681 1080 781 Thelyphrone,
1110 683 1154 755 de
1178 683 1397 777 latronibus).

207 815 266 889 Ad
290 817 433 889 tertium
459 840 568 912 genus
593 839 633 887 ea
659 813 899 887 additamenta
923 812 1026 884 refert
1050 836 1198 908 qnorum
1224 813 1320 909 origo
1340 814 1399 886 vix

207 942 430 1039 dignoscitur.
456 943 510 1014 Ex
530 941 584 1014 his
610 939 829 1013 Goldbacher
854 938 958 1010 efficit
983 938 1134 1011 Asinum
1159 939 1398 1015 *Lucianeum

205 1096 275 1143 non
303 1072 407 1145 fuisse
440 1072 573 1144 fontem
606 1068 934 1166 Metamorphoseon
964 1067 1110 1165 Apulei3
1146 1068 1245 1141 addit
1277 1078 1399 1145 antem

206 1199 319 1271 multo
354 1172 471 1271 minus
505 1198 670 1295 cuiquam
702 1197 739 1268 in
774 1203 929 1268 mentem
955 1196 1069 1268 venire
1094 1222 1191 1295 posse
1215 1205 1256 1270 ut
1280 1199 1399 1273 credat

179 1326 334 1424 Apulei
360 1327 518 1399 inflatam
543 1326 639 1399 illam
666 1332 701 1397 et
724 1325 898 1397 tumidam
925 1326 1155 1398 narrationem
1182 1327 1290 1401 libelli
1315 1329 1398 1402 sim·

204 1454 303 1553 plicis
330 1462 365 1526 et
390 1454 495 1527 sobrii
520 1453 706 1526 *Lucianei
728 1453 896 1550 originem
916 1453 1030 1529 fuisse.
1046 1454 1169 1550 Itaque
1181 1455 1278 1529 nullo
1290 1457 1398 1530 modo

204 1582 466 1678 congruentiam
499 1581 696 1654 fabularum
727 1581 889 1679 explicari
913 1606 1010 1679 posse
1040 1588 1155 1654 censet
1177 1583 1245 1655 nisi
1269 1585 1396 1658 conici·

204 1735 304 1782 amus
330 1709 451 1783 ambas
476 1734 518 1781 ex
542 1709 720 1781 communi
746 1709 841 1781 fonte
866 1708 1078 1806 profiuxisse.

251 1839 294 1910 In
328 1838 565 1911 dissertatione
590 1837 692 1910 docta
713 1822 752 1910 'et
770 1822 950 1910 1111101111
974 1839 1212 1935 quaestionem
1236 1841 1397 1915 mactavit

201 1967 422 2041 Bucconis
447 1991 586 2063 quoque
613 1967 703 2039 inter
729 1965 877 2038 diversas
902 1965 1031 2063 Apulei
1055 1966 1190 2040 fabulas
1210 1968 1395 2042 nonnullas

201 2094 429 2193 deprehendit
460 2120 542 2167 cum
577 2093 743 2192 primaria
776 2094 956 2167 levissimis
981 2101 1119 2167 tantum
1144 2096 1291 2168 vinculis
1315 2121 1395 2170 001-

200 2224 354 2312 iunctas,
393 2223 476 2295 alias
514 2247 592 2294 vero
630 2223 690 2312 „in
727 2222 837 2320 ipsius
871 2222 1007 2294 fabulae
1041 2229 1243 2295 contextum
1277 2224 1396 2321 aliqua

200 2351 332 2424 ratione
356 2351 518 2440 insertas,
550 2350 609 2422 sed
636 2350 768 2448 ubique
792 2350 861 2422 fere
886 2358 960 2422 tam
988 2349 1201 2446 negligenter
1225 2358 1260 2422 et
1283 2350 1395 2424 infeli-

200 2479 302 2567 citer,
334 2487 375 2552 ut
409 2486 471 2552 aut
504 2504 586 2551 cum
620 2478 793 2576 primariis
825 2477 974 2550 adversis
999 2477 1172 2551 frontibus
1197 2486 1395 2576 pugnarent

201 2608 256 2698 (cf.
295 2607 430 2680 fabulas
467 2607 511 2679 de
548 2607 703 2696 Socrate,
738 2606 781 2678 de
815 2606 952 2679 Haemo
984 2606 1134 2695 latrone,
1169 2605 1212 2678 de
1236 2608 1394 2703 agasonis

200 2741 329 2822 morte,
363 2735 407 2806 de
440 2736 561 2808 rustici
590 2735 799 2824 calamitate)
826 2742 887 2807 aut
911 2742 1052 2832 propter
1074 2733 1150 2806 illas
1174 2735 1394 2833 interpositas

201 2862 358 2960 proxima
382 2862 481 2935 valde
505 2863 790 2962 perturbarentur
814 2861 870 2952 (cf.
896 2847 949 2932 VI
971 2865 1036 2950 25,
1058 2861 1114 2933 IX
1135 2860 1208 2952 9).’'
1229 2862 1393 2936 Adiectas

201 3015 272 3063 esse
297 2998 470 3088 praeterea
495 2990 625 3062 multas
646 2989 891 3088 descriptiones
911 2988 1162 3062 tumidissimas
1175 2990 1392 3087 etquasdam

202 3117 444 3190 meditationes
469 3118 701 3217 ineptissimas
726 3119 776 3207 (II
804 3121 836 3206 8,
863 3123 897 3206 9,
922 3116 959 3188 Χ
985 3120 1057 3209 33).
1080 3118 1243 3214 Denique
1262 3118 1300 3190 in
1321 3119 1390 3192 111-

199 3244 291 3342 gulis
324 3246 520 3344 saepissime
544 3246 776 3344 Apuleianam
801 3245 1033 3318 narrationem
1058 3271 1077 3317 a
1103 3243 1391 3319 *111011111ἀὶ1-

200 3381 291 3462 tare,
317 3383 352 3445 et
376 3374 445 3446 scre
468 3374 536 3462 ita,
561 3382 602 3446 ut
627 3375 756 3447 Graeca
783 3374 895 3446 multo
919 3373 1146 3475 praestantior
1166 3380 1253 3445 esset
1274 3381 1390 3446 etnon

200 3501 416 3574 *Lucienum
442 3502 501 3574 sed
526 3502 717 3599 Apuleium
742 3502 916 3598 exemplar
941 3508 1092 3574 mutasse
1116 3501 1230 3599 primo
1250 3509 1391 3600 aspectu

199 3631 388 3727 intellegas,
416 3633 532 3708 Quare
552 3632 690 3728 Biirger'
709 3631 896 3704 necessario
914 3630 1148 3726 colligendum
1170 3655 1240 3702 esse
1257 3631 1390 3704 censuit

199 3783 313 3854 neque
337 3758 553 3832 *Lucianum
579 3760 707 3858 Apulei
731 3784 844 3857 neque
865 3759 1058 3857 Apuleium
1079 3757 1246 3831 *Luciani
1264 3758 1389 3832 ducem

202 3885 306 3957 fuisse
331 3886 390 3958 sed
416 3895 606 3984 utrumque
630 3914 672 3960 ex
697 3888 875 3960 communi
900 3887 995 3961 fonte
1019 3886 1180 3961 hausisse,

252 4013 398 4109 Biirgeri
430 4014 527 4087 labor
553 4015 726 4113 imprimis
749 4014 828 4087 ideo
854 4023 905 4087 111
930 4014 1125 4087 laudandus
1149 4017 1244 4112 quod
1270 4017 1390 4088 multis

202 4141 284 4214 locis
310 4141 479 4238 congestis
504 4150 539 4214 et
562 4142 653 4215 inter
678 4168 713 4214 se
733 4142 865 4215 collatis
878 4168 966 4239 quae
980 4143 1032 4215 vel
1045 4144 1269 4240 excerptavel
1282 4152 1390 4216 trans·

56 4312 62 4324 ·
200 4269 271 4343 lata
307 4278 418 4342 essent
454 4269 630 4343 indicavit.
671 4271 752 4346 Quo
789 4271 920 4343 factum
958 4278 1009 4343 est
1045 4277 1087 4342 ut
1118 4270 1150 4342 ci
1175 4272 1390 4368 contingeret

133 4378 137 4384 ¹
200 4396 368 4471 *Luciani
405 4404 539 4471 textum
576 4398 807 4471 substruendo
842 4398 984 4497 eiusque
1016 4398 1156 4472 lacunas
1187 4423 1229 4471 ex
1260 4398 1390 4496 Apulei
