3082 4988
728 345 771 413 10

175 526 384 623 impugnata
414 529 499 603 alios
528 529 665 602 doceret
687 554 777 626 quae
801 529 857 600 via
879 525 1055 624 sequenda
1079 550 1240 623 quaeque
1263 524 1365 598 relin-

177 654 318 748 quenda
354 667 452 732 11111.
490 660 608 735 Quam
643 658 690 731 ob
726 684 865 731 eausam
897 656 1050 729 lirwinio
1081 655 1207 727 Rohde
1223 654 1247 745 ¹)
1282 664 1364 727 ante

177 805 297 856 omnes
326 787 437 882 gratia
461 788 626 876 debetur,
651 789 713 885 qui
736 787 784 861 ad
806 786 1043 883 quaestionem
1066 783 1267 857 solvendam
1292 808 1363 856 non

178 909 291 985 solum
324 916 491 989 maiorem
523 943 630 1014 quam
654 917 758 989 ceteri
780 927 902 987 11111
924 914 1080 986 attulerit
1104 913 1281 986 doctrinae
1305 939 1362 986 co·

178 1039 294 1136 piam,
320 1044 380 1116 sed
405 1046 511 1118 etiam
535 1044 742 1118 sententiam
766 1042 938 1140 aperuerit
961 1065 1087 1113 novam
1111 1050 1146 1113 et
1165 1041 1363 1114 inauditam

179 1175 347 1269 tantaque
380 1173 565 1270 sagacitate
596 1181 632 1247 et
663 1171 853 1246 subtilitate
884 1169 1217 1258 commendabilem,
1250 1179 1293 1242 ut
1317 1171 1363 1243 ad

176 1321 253 1370 eam
285 1300 487 1398 diligentius
516 1287 800 1375 considerandam
823 1308 929 1394 atque
952 1297 1233 1395 perpendendam
1258 1322 1363 1370 nemo

175 1449 245 1498 non
272 1430 476 1504 excitaretur
489 1433 527 1522 ⁹).
549 1431 666 1506 Quam
689 1429 754 1500 etsi
772 1451 841 1499 non
864 1425 984 1498 multis
1004 1425 1208 1522 persuadere
1226 1429 1362 1524 potuit,

175 1561 293 1628 tamen
317 1557 354 1629 id
380 1558 491 1632 effecit
517 1567 558 1631 ut
582 1556 737 1654 quaestio
761 1553 876 1627 denuo
901 1554 939 1626 iu
964 1553 1079 1625 medio
1099 1553 1210 1651 posita
1231 1581 1252 1626 1
1273 1557 1362 1628 mul·

175 1683 289 1781 tisque
336 1696 541 1784 pertractata
584 1686 719 1783 copiam
763 1683 897 1755 auxerit
940 1681 1216 1754 coniecturarum
1253 1707 1362 1779 quam
1472 1716 1475 1719 ·

176 1813 326 1887 maxime
360 1815 450 1888 inter
482 1841 518 1889 se
551 1811 820 1911 discrepantium
832 1847 841 1899 ;
869 1835 1019 1907 quarum
1043 1809 1129 1882 11111
1153 1819 1216 1883 aut
1239 1811 1362 1910 proba·

176 1939 261 2014 biles
305 1953 387 2017 sunt
429 1954 491 2018 aut
533 1943 655 2015 saltem
701 1940 770 2012 veri
807 1940 955 2038 speeiem
991 1932 1170 2036 quandam
1208 1965 1289 2038 prae
1326 1966 1361 2014 se

174 2067 310 2161 ferunt,
347 2073 431 2146 alias
467 2097 547 2147 vero
584 2070 834 2144 infirmissimos
867 2094 938 2141 esse
971 2069 1042 2141 iam
1075 2070 1187 2167 primo
1219 2080 1361 2170 aspectu

172 2209 332 2296 apparet:
369 2201 493 2275 harum
518 2208 656 2286 autem,
682 2198 805 2286 111111,
832 2222 999 2270 numerus
1024 2198 1136 2271 multo
1162 2199 1358 2276 11111111.

222 2328 344 2404 Quum
378 2331 485 2426 igitur
510 2328 592 2402 satis
616 2335 748 2400 constet
772 2351 816 2399 ne
840 2349 934 2399 nunc
959 2326 1102 2423 quidem
1128 2328 1263 2401 nodum
1289 2356 1360 2404 esse

173 2455 345 2545 solutum,
373 2457 589 2556 propositum
615 2454 704 2526 mihi
728 2463 779 2528 est
803 2455 957 2553 primum
983 2480 1039 2528 eas
1064 2457 1216 2530 virorum
1243 2459 1360 2533 docto

173 2609 252 2657 rum
286 2587 497 2659 coniecturas
521 2608 789 2657 commemorare
814 2609 903 2680 quae
928 2585 1079 2659 maxime
1102 2586 1264 2661 videntur
1288 2615 1361 2662 mo·

173 2715 283 2787 menti
331 2738 485 2812 quasque
528 2713 724 2808 cognovisse
762 2738 849 2811 opus
887 2714 952 2787 erit
988 2714 1151 2788 omnibus
1187 2716 1249 2814 qui
1286 2742 1360 2791 rem

175 2841 363 2915 diiudicare
397 2841 520 2928 velint;
556 2839 638 2912 dein
669 2865 725 2912 eas
757 2865 843 2937 quas
875 2841 975 2914 falsas
1000 2866 1071 2915 esse
1096 2843 1184 2916 mihi
1208 2848 1360 2943 persuasi

177 2994 237 3068 pro
269 2968 399 3042 viribus
424 2969 581 3043 refutare.
609 2967 665 3040 Sic
690 2967 776 3065 quid
800 2968 888 3042 mihi
911 2969 978 3067 ipsi
1001 2970 1179 3068 probabile
1203 2974 1360 3049 videatur

177 3099 275 3172 facile
299 3099 521 3194 intelligetur.

224 3227 400 3303 Libellum
434 3251 552 3299 meum
586 3225 846 3325 inspicientibus
871 3229 1051 3328 apparebit
1074 3231 1126 3303 illi
1151 3234 1241 3330 parti
1266 3260 1360 3332 mag-

175 3382 261 3431 num
292 3357 445 3457 spatium
469 3381 540 3429 esse
564 3380 762 3430 conoessum
787 3382 856 3455 qua
880 3357 995 3454 agitur
1019 3360 1063 3432 de
1088 3363 1225 3459 propria
1249 3366 1360 3462 operis

176 3487 362 3585 Apuleiani
397 3487 517 3560 forma.
544 3487 667 3563 Quum
692 3486 786 3558 enim
811 3510 1012 3584 persuasum
1038 3489 1201 3563 haberem
1227 3492 1360 3570 dehac

176 3643 212 3690 re
237 3616 434 3690 falsissimas
459 3600 668 3689 circumferri
694 3615 896 3703 sententias,
919 3595 1063 3689 maximi
1083 3622 1252 3693 momenti
1272 3622 1361 3696 mihi

176 3746 288 3819 visum
322 3753 373 3818 est
396 3744 588 3818 accuratius
612 3742 800 3815 describere
825 3742 953 3840 quibus
977 3745 1219 3821 contineantur
1242 3749 1360 3824 limiti·

217 3967 245 4042 l)
264 3970 355 4026 Ueber
373 3971 496 4026 Lulrians
515 3970 619 4026 Schritt
637 3972 737 4034 Λούκιος
757 3972 772 4033 ’ὴ
792 3968 872 4034 ”orca
892 3970 960 4026 Eine
980 3970 1243 4029 literarhistorische
1260 3975 1359 4032 Unter-

176 4059 311 4129 suchung.
330 4061 445 4131 Leipzig
463 4062 544 4116 1869.

216 4151 245 4220 2)
272 4151 349 4207 Inter
368 4153 534 4207 recentiores
555 4134 759 4222 disputationes
778 4151 926 4222 praecipue
945 4159 975 4206 et
993 4150 1196 4210 Gonnnxeanar
1214 4156 1359 4226 (Zeitschr.

180 4242 198 4296 1.
219 4241 338 4298 0111111.
358 4240 459 4312 Gymu.
479 4243 513 4297 23
533 4241 628 4313 Jahrg.
649 4241 733 4312 1872)
753 4244 783 4296 et
801 4240 831 4296 C.
852 4243 982 4298 Buaonnr
1000 4242 1085 4316 (Dias.
1105 4244 1191 4299 Aead.
1211 4246 1264 4300 »de
1274 4245 1359 4302 Lucio

178 4333 336 4399 Patrensi'’;
365 4332 486 4387 Berolini
513 4333 596 4404 1887)
622 4331 721 4403 dignae
747 4335 813 4386 suut
839 4350 911 4402 quae
936 4332 1024 4389 fusius
1043 4337 1216 4403 tractentur3
1236 4337 1311 4407 quod
1329 4339 1356 4392 ir

177 4424 239 4480 loeo
258 4422 367 4478 faciam.
