3082 4988
749 376 795 445 32

176 568 246 634 rat:
272 585 387 633 nonne
412 560 519 656 igitur
545 559 737 633 absurdum
764 567 814 632 est
841 567 962 657 putare
987 586 1068 634 eum
1089 587 1181 660 opus
1189 563 1366 659 integrum

175 689 383 786 neglexisse,
409 689 654 765 detruncatum
681 697 838 762 secutum
866 714 937 762 esse
960 690 1126 787 novisque
1150 691 1367 764 additamen-

174 817 219 889 tis
243 816 464 890 extendisse?

225 946 325 1021 Quae
349 969 461 1041 quum
488 944 538 1016 ita
563 945 632 1017 sint
657 971 838 1042 quumque
865 944 953 1017 mihi
978 970 1180 1043 persuasum
1205 947 1250 1019 sit
1274 973 1366 1023 erra-

175 1075 262 1146 visse
292 1074 354 1170 qui
380 1101 459 1166 μετ.
486 1073 621 1171 λόγους
646 1099 869 1147 communem
894 1074 1025 1145 fontem
1051 1073 1155 1146 luisse
1180 1085 1366 1170 negarent,

176 1225 359 1299 pergamus
393 1201 438 1274 ad
470 1203 582 1299 ipsam
615 1202 846 1274 narrationem
877 1200 1006 1298 Apulei
1031 1200 1302 1298 inspiciendam,
1328 1205 1367 1276 in

174 1355 245 1426 qua
269 1329 340 1401 sola
362 1337 609 1425 argumentum
634 1329 823 1402 sententiae
849 1336 984 1401 nostrae
1004 1328 1157 1400 invenire
1170 1353 1366 1426 possumus.

222 1457 266 1528 In
305 1456 370 1528 hoc
402 1480 503 1553 opere
536 1463 677 1544 autem,
711 1455 883 1553 imprimis
917 1455 1037 1542 initio,
1071 1464 1256 1528 occurrunt
1300 1458 1368 1531 loci

174 1583 335 1656 nonnulli
365 1608 452 1679 quos
477 1583 668 1682 Apuleius,
695 1591 735 1655 ut
760 1583 882 1681 opinor
907 1582 1007 1670 false,
1022 1581 1196 1657 addidisse
1210 1583 1368 1680 perhibe·

175 1720 233 1782 tur
268 1718 309 1782 ut
345 1710 389 1782 de
426 1736 488 1783 sua
526 1710 634 1810 ipsius
672 1710 743 1783 vita
776 1710 947 1807 quaedam
981 1716 1134 1782 narraret
1159 1692 1366 1808 legentibus.

175 1839 296 1914 Quum
334 1840 371 1911 in
408 1839 635 1935 sequentibus
672 1839 761 1911 hano
798 1837 998 1935 opinionem
1037 1838 1240 1934 redarguere
1277 1839 1369 1912 mihi

174 1967 429 2063 proposuerim,
452 1967 557 2039 simul
577 1967 695 2039 licebit
716 1991 822 2063 quam
841 1965 1096 2038 accuratissime
1118 1965 1245 2040 limites
1258 1975 1368 2040 trans·

176 2091 237 2164 lati
275 2093 386 2190 operis
423 2093 595 2166 Patrensis
630 2094 809 2189 designare
842 2117 1000 2190 quaeque
1033 2093 1077 2165 ab
1111 2119 1151 2166 eo
1185 2094 1296 2167 aliena
1327 2093 1368 2166 in

176 2218 305 2316 Apulei
330 2246 431 2318 opere
455 2229 640 2294 occurrunt
665 2230 793 2296 notare.

224 2349 342 2445 Ipsam
377 2348 555 2421 historiam
580 2349 831 2445 Apuleianam,
859 2374 948 2445 quae
972 2373 1045 2447 cap.
1074 2354 1095 2423 2
1121 2350 1244 2448 incipit
1269 2350 1367 2423 etin

177 2501 247 2573 qua
271 2475 400 2549 Lucius
426 2477 570 2575 quidam
596 2476 728 2549 iuvenis
754 2476 862 2549 varios
887 2501 966 2549 suos
990 2501 1088 2549 casus
1112 2486 1245 2566 narrat,
1271 2503 1368 2576 prae·

177 2603 270 2675 cedit
294 2603 474 2702 prologus,
501 2629 571 2701 quo
597 2604 714 2677 fabula
739 2603 933 2676 *Lucianea
953 2611 1045 2676 caret
1066 2609 1101 2676 et
1122 2629 1191 2702 quo
1212 2614 1368 2680 narrator

175 2731 337 2803 lectorem
361 2705 539 2828 alloquens
563 2730 732 2804 nonnulla
756 2731 799 2803 de
824 2731 1029 2803 narrationis
1052 2740 1259 2826 argumento
1279 2735 1368 2807 eius-

138 2842 140 2847 ’
176 2884 244 2955 que
268 2884 413 2957 persona
437 2859 600 2956 primaria
624 2858 743 2955 paucis
769 2858 920 2955 exponit.
950 2857 1097 2956 Captata
1117 2859 1368 2934 lectorisbene-

175 2987 342 3075 volentia,
370 2987 552 3060 hominum
577 2986 894 3083 transfigurationes
915 2994 950 3058 et
969 2986 1124 3059 fortunas
1144 2998 1367 3063 narraturum

79 3175 87 3191 .
172 3139 208 3186 se
240 3115 438 3210 profitetur;
473 3114 598 3187 deinde
624 3115 674 3187 ita
699 3115 830 3212 pergit:
857 3115 957 3211 ,pata
982 3116 1041 3186 ille
1062 3118 1181 3209 paucis
1205 3117 1363 3212 accipe'',

175 3248 209 3312 et
242 3240 341 3314 addit
370 3241 538 3314 nonnulla
564 3242 710 3338 quibus,
737 3267 871 3339 semper
896 3241 1009 3339 prima
1034 3267 1176 3339 persona
1201 3245 1365 3342 loquens,

176 3367 314 3457 „illics”
341 3369 508 3464 originem
537 3376 572 3442 et
588 3395 693 3466 ,casus
721 3376 866 3443 enarrat.

225 3495 340 3569 Verba
365 3500 464 3596 ‚puis
488 3497 569 3570 ille'’
585 3559 593 3573 .
610 3559 617 3572 .
635 3559 666 3573 ..
693 3506 756 3573 etc.
782 3499 967 3597 prologum
992 3498 1029 3571 in
1055 3499 1142 3573 duas
1155 3508 1268 3598 partes
1281 3502 1367 3576 divi·

176 3622 285 3711 dunt,
319 3648 469 3721 quarum
502 3625 540 3697 in
566 3626 672 3698 altera
697 3625 868 3725 Apuleius
893 3626 937 3698 de
962 3652 998 3699 se
1022 3634 1064 3700 ut
1087 3627 1225 3700 fabulae
1248 3655 1365 3704 narra-

175 3758 267 3839 tore,
293 3751 330 3824 in
355 3752 462 3826 altera
482 3753 526 3826 de
546 3755 738 3853 primarum
761 3761 874 3826 actore
897 3754 1062 3851 loquitur.
1087 3756 1180 3831 Quia
1200 3758 1238 3830 in
1259 3759 1367 3832 altera

175 3903 314 3975 quoque
339 3888 436 3977 parte
460 3881 586 3978 aliquis
610 3882 755 3980 loquens
780 3876 1034 3972 introducitur,
1060 3883 1142 3956 hinc
1166 3885 1367 3959 facileeffioi

173 4030 271 4102 posse
297 4007 433 4080 videtur
457 4008 649 4106 Apuleium
673 4010 711 4098 in
735 4009 795 4082 illa
821 4035 960 4106 quoque
987 4009 1029 4082 de
1056 4036 1091 4083 se
1116 4011 1213 4108 loqui
1240 4021 1274 4086 et
1299 4013 1365 4086 sub

174 4158 317 4230 persona
350 4136 472 4208 actoris
505 4137 697 4235 primarum
730 4136 860 4209 indicia
895 4128 1068 4233 quaedam
1103 4138 1146 4211 de
1172 4165 1233 4212 sua
1257 4140 1366 4239 ipsius

173 4260 305 4356 origine
330 4270 366 4335 et
389 4265 460 4337 vita
481 4265 650 4338 exhibere.
677 4264 745 4337 Sed
771 4287 897 4360 magna
922 4290 1003 4337 mox
1027 4265 1136 4339 oritur
1161 4267 1365 4357 difficultas,

173 4413 256 4460 nam
294 4415 337 4462 ex
373 4391 427 4466 his
462 4393 574 4466 verbis
610 4391 760 4488 intelligi
797 4399 910 4490 potest
941 4417 1023 4466 eum
1056 4394 1228 4468 Graecum
1261 4394 1367 4469 fuisse
