3082 4988
759 366 805 434 20

186 575 272 633 κιας
304 545 531 639 σπουδάζων
564 552 666 639 κτλ).
693 551 817 623 Rohde
841 553 879 624 in
903 551 1021 625 libello
1044 580 1150 653 supra
1173 556 1319 630 laudato
1347 568 1387 634 et

185 680 238 752 his
272 678 390 751 Photii
423 678 534 751 verbis
568 687 604 750 et
628 680 749 751 ceteris
773 680 912 777 plenam
938 681 1045 754 fidem
1071 682 1215 770 tribuit,
1241 711 1316 781 qna
1343 689 1386 760 in

184 834 220 880 re
255 834 369 908 neque
401 809 591 906 praeiverat
626 809 658 880 ei
690 809 877 905 quisquam
902 833 1015 906 neque
1040 835 1122 881 eum
1148 822 1287 885 secutus
1313 823 1383 891 est.

184 937 283 1011 Nihil
307 937 416 1032 igitur
440 936 640 1009 mirandum
667 962 749 1008 eum
773 935 819 1008 ad
843 936 1051 1009 sententiam
1072 939 1264 1034 pervenisse
1281 967 1385 1039 pror·

184 1090 242 1137 sus
267 1064 518 1163 discrepantem
543 1091 564 1138 a
587 1065 708 1137 ceteris
732 1065 794 1161 qui
813 1088 954 1136 omnem
975 1064 1043 1136 illis
1064 1065 1176 1138 verbis
1188 1069 1384 1143 auctorita·

183 1201 256 1264 tem
278 1192 544 1289 denegaverunt.
568 1190 666 1264 Haec
686 1192 755 1264 fere
768 1200 819 1262 est
830 1191 904 1263 eius
917 1193 1191 1286 argumentatio:
1206 1193 1382 1287 Photins,

182 1345 263 1392 cum
287 1320 439 1393 incertus
463 1329 550 1393 esset
576 1320 620 1392 de
644 1329 756 1393 aetate
780 1318 881 1392 Lucii
905 1327 941 1390 et
965 1317 1129 1408 Luciani,
1155 1321 1310 1418 quadam
1334 1325 1383 1399 de

183 1474 299 1537 causa,
342 1474 449 1546 quam
490 1448 591 1521 nobis
633 1473 702 1522 non
736 1447 963 1544 significavit,
997 1448 1144 1520 coniecit
1175 1448 1381 1526 Lucianum

182 1577 398 1675 descripsisse
429 1576 591 1651 Lucium.
626 1578 749 1653 Quum
783 1585 900 1648 tamen
934 1575 1059 1648 Rohde
1094 1601 1175 1649 cum
1207 1578 1380 1656 Gouriero

181 1706 317 1779 credere
351 1714 484 1778 recuset
516 1704 711 1778 Lucianum
745 1729 834 1801 quae
867 1703 1039 1801 scripserit
1070 1729 1112 1777 ex
1145 1705 1234 1778 libro
1259 1708 1379 1783 alieno

181 1833 402 1932 excerpsisse,
440 1834 529 1907 nihil
554 1842 606 1906 est
622 1833 728 1930 'quod
754 1840 904 1905 statuere
930 1833 1039 1930 possit
1055 1836 1079 1923 ¹)
1105 1835 1172 1907 nisi
1198 1835 1263 1908 hoc
1295 1839 1378 1910 Aci-

181 1986 268 2034 num
293 1961 529 2034 *Lucianeum
555 1961 734 2060 parodiam
754 1960 859 2032 fuisse
879 1969 914 2032 et
934 1961 1046 2059 operis
1067 1969 1102 2033 et
1121 1987 1285 2061 personae
1305 1965 1377 2039 Pa·

180 2092 312 2165 trensis,
340 2092 440 2167 Quae
465 2090 660 2163 coniectura
684 2114 766 2161 cum
791 2096 864 2161 tota
888 2089 1038 2186 pendeat
1062 2116 1104 2163 ex
1121 2091 1233 2165 verbis
1253 2093 1377 2168 Photii

180 2218 269 2309 (iure
303 2245 347 2291 an
380 2219 521 2308 iniuria)
552 2217 720 2290 tradentis
746 2216 943 2289 Lucianum
970 2216 1080 2289 iocose
1104 2243 1257 2291 narrasse
1281 2245 1376 2317 quae

180 2348 266 2420 seria
301 2348 394 2421 dicta
425 2347 521 2446 apud
554 2348 754 2420 Patrensem
788 2346 991 2435 invenisset,
1027 2371 1209 2446 quumque
1233 2351 1375 2425 credere

179 2499 350 2572 nequeam
384 2475 551 2548 Photium
577 2474 641 2547 hac
667 2475 711 2547 de
736 2500 772 2547 re
797 2482 888 2546 recte
913 2473 1135 2563 iudicavisse,
1163 2501 1207 2550 ne
1231 2479 1374 2553 Rohdei

179 2603 322 2699 quidem
360 2603 549 2676 sententiae
586 2601 743 2676 accedere
781 2601 870 2674 mihi
907 2626 1042 2674 necesse
1079 2612 1147 2693 est;
1187 2607 1373 2703 utriusque

177 2731 286 2827 igitur
308 2730 537 2826 dubitationis
561 2756 679 2803 causas
703 2755 883 2827 exponam.

227 2859 333 2935 Quod
367 2858 563 2932 *Lucienus
598 2862 778 2933 σκώπτων
803 2861 871 2932 καὶ
897 2858 1091 2955 διασύρων
1116 2863 1183 2949 τὴν
1206 2863 1370 2953 Ἑλληνι-

178 2991 247 3076 κὴν
286 2986 601 3081 δεισιδαιμονίαν
623 2989 785 3084 ὥσπερ
818 2987 908 3062 ναν
942 2999 1048 3073 τοῖς
1072 2990 1240 3075 ἄλλοις
1265 2991 1369 3091 scrip·

65 3121 69 3128 ’
177 3119 258 3191 sisse
291 3118 436 3205 dicitur,
470 3116 576 3190 huius
601 3117 723 3189 saltem
748 3118 937 3190 sententiae
963 3117 1070 3189 fidem
1095 3118 1307 3193 considerare
1331 3129 1370 3194 et

176 3246 402 3344 perpendere
424 3269 607 3343 possumus
644 3252 730 3317 teste
769 3244 923 3317 Lucieno
956 3245 1049 3343 ips0;
1086 3256 1240 3345 superest
1271 3247 1367 3321 enim

177 3371 267 3446 Vera
292 3372 464 3459 Historia,
493 3396 581 3468 quae
606 3372 820 3445 demonstrat
844 3371 1020 3468 quomodo
1042 3377 1227 3448 σκώπτειν
1244 3375 1367 3448 solitus
1463 3400 1468 3407 ·

176 3502 221 3573 sit
245 3510 280 3573 et
305 3497 508 3599 διασύρειν.
536 3501 617 3576 Quo
642 3500 679 3572 in
704 3500 793 3572 libro
817 3499 953 3574 iocandi
978 3509 1013 3572 et
1033 3501 1200 3573 irridendi
1221 3501 1366 3575 facultas

175 3655 349 3727 nusquam
383 3629 501 3702 deficit
534 3627 734 3725 scriptorem
740 3661 749 3715 ;
785 3628 822 3699 in
856 3627 965 3699 Asino
998 3652 1095 3716 vero,
1130 3654 1211 3702 cum
1236 3630 1365 3726 passim

175 3761 220 3834 sit
252 3759 388 3832 iocandi
423 3757 680 3857 opportunitas,
716 3757 773 3829 vix
799 3755 889 3829 uliae
915 3766 996 3829 sunt
1022 3757 1163 3830 facetiae
1189 3780 1268 3830 vere
1294 3756 1365 3830 Lu·

175 3887 321 3962 ciancae.

211 4061 376 4070 ..-

215 4153 240 4222 1)
259 4152 314 4207 Vix
340 4170 409 4223 opus
435 4153 478 4207 est
500 4151 666 4221 redarguere
690 4149 861 4220 hypothesin
880 4149 1050 4205 *Lucienum
1071 4151 1150 4206 Lucii
1168 4151 1252 4208 fuisse
1271 4169 1362 4210 exem·

173 4242 266 4313 plum;
302 4242 384 4297 nimis
418 4240 569 4296 absurdum
598 4240 723 4309 profecto
752 4242 825 4295 esset
854 4239 964 4294 credere
994 4240 1157 4296 Patrensem
1186 4241 1363 4313 descripsisse

174 4331 298 4386 subulam
318 4332 348 4386 in
367 4349 423 4401 qua
441 4330 500 4401 ipse
520 4345 639 4400 persona
659 4329 791 4399 primaria
810 4331 896 4399 asset,
916 4331 946 4384 et
964 4327 1077 4399 insuper
1093 4330 1360 4401 suoipsiusnomine

174 4420 289 4477 titulum
310 4438 430 4478 ornasse.
