<?xml version="1.0" encoding="UTF-8"?>
<!DOCTYPE html PUBLIC "-//W3C//DTD XHTML 1.0 Transitional//EN"
    "http://www.w3.org/TR/xhtml1/DTD/xhtml1-transitional.dtd">
<html xmlns="http://www.w3.org/1999/xhtml" xml:lang="en" lang="en">
 <head>
  <title>
</title>
<meta http-equiv="Content-Type" content="text/html;charset=utf-8" />
  <meta name='ocr-system' content='tesseract 3.04.00' />
  <meta name='ocr-capabilities' content='ocr_page ocr_carea ocr_par ocr_line ocrx_word'/>
</head>
<body>
  <div class='ocr_page' id='page_1' title='image "./derationequaees00deegoog_0044.png"; bbox 0 0 3082 4988; ppageno 0'>
   <div class='ocr_carea' id='block_1_1' title="bbox 756 346 802 416">
    <p class='ocr_par' dir='ltr' id='par_1_1' title="bbox 756 346 802 416">
     <span class='ocr_line' id='line_1_1' title="bbox 756 346 802 416; baseline 0 0"><span class='ocrx_word' id='word_1_1' title='bbox 756 346 802 416; x_wconf 87' lang='grc'><strong>39</strong></span> 
     </span>
    </p>
   </div>
   <div class='ocr_carea' id='block_1_2' title="bbox 169 531 1449 3451">
    <p class='ocr_par' dir='ltr' id='par_1_2' title="bbox 169 531 1449 1631">
     <span class='ocr_line' id='line_1_2' title="bbox 169 531 1370 630; baseline 0.002 -29"><span class='ocrx_word' id='word_1_2' title='bbox 169 536 220 625; x_wconf 72' lang='grc' dir='ltr'><strong>ιεί</strong></span> <span class='ocrx_word' id='word_1_3' title='bbox 247 531 399 624; x_wconf 78' lang='lat' dir='ltr'><strong>pueritia</strong></span> <span class='ocrx_word' id='word_1_4' title='bbox 430 533 523 625; x_wconf 77' lang='lat' dir='ltr'><strong>opud</strong></span> <span class='ocrx_word' id='word_1_5' title='bbox 553 555 610 604; x_wconf 80' lang='lat' dir='ltr'><strong>vos</strong></span> <span class='ocrx_word' id='word_1_6' title='bbox 644 539 679 604; x_wconf 81' lang='lat' dir='ltr'><strong>el</strong></span> <span class='ocrx_word' id='word_1_7' title='bbox 711 534 867 630; x_wconf 74' lang='lat' dir='ltr'><strong>mopiatri</strong></span> <span class='ocrx_word' id='word_1_8' title='bbox 892 532 981 607; x_wconf 80' lang='lat' dir='ltr'><strong>oos.’&#39;</strong></span> <span class='ocrx_word' id='word_1_9' title='bbox 1012 531 1092 605; x_wconf 92' lang='lat' dir='ltr'><strong>Non</strong></span> <span class='ocrx_word' id='word_1_10' title='bbox 1119 531 1234 630; x_wconf 88' lang='lat' dir='ltr'><strong>potuit</strong></span> <span class='ocrx_word' id='word_1_11' title='bbox 1259 531 1370 604; x_wconf 86' lang='lat' dir='ltr'><strong>hercle</strong></span> 
     </span>
     <span class='ocr_line' id='line_1_3' title="bbox 184 658 1370 760; baseline 0.002 -30"><span class='ocrx_word' id='word_1_12' title='bbox 184 658 289 731; x_wconf 92' lang='lat' dir='ltr'><strong>simul</strong></span> <span class='ocrx_word' id='word_1_13' title='bbox 320 659 357 731; x_wconf 92' lang='lat' dir='ltr'><strong>in</strong></span> <span class='ocrx_word' id='word_1_14' title='bbox 391 658 509 732; x_wconf 88' lang='lat' dir='ltr'><strong>Africa</strong></span> <span class='ocrx_word' id='word_1_15' title='bbox 541 669 576 733; x_wconf 89' lang='lat' dir='ltr'><strong>et</strong></span> <span class='ocrx_word' id='word_1_16' title='bbox 606 661 642 733; x_wconf 92' lang='lat' dir='ltr'><strong>in</strong></span> <span class='ocrx_word' id='word_1_17' title='bbox 665 661 807 734; x_wconf 81' lang='lat' dir='ltr'><strong>Graecia</strong></span> <span class='ocrx_word' id='word_1_18' title='bbox 832 660 1016 760; x_wconf 86' lang='lat' dir='ltr'><strong>pueritiam</strong></span> <span class='ocrx_word' id='word_1_19' title='bbox 1041 660 1181 756; x_wconf 80' lang='lat' dir='ltr'><strong>degere!</strong></span> <span class='ocrx_word' id='word_1_20' title='bbox 1209 660 1370 756; x_wconf 91' lang='lat' dir='ltr'><strong>Denique</strong></span> 
     </span>
     <span class='ocr_line' id='line_1_4' title="bbox 182 786 1370 885; baseline 0 -26"><span class='ocrx_word' id='word_1_21' title='bbox 182 786 238 859; x_wconf 91' lang='lat' dir='ltr'><strong>hic</strong></span> <span class='ocrx_word' id='word_1_22' title='bbox 271 811 411 885; x_wconf 88' lang='lat' dir='ltr'><strong>quoque</strong></span> <span class='ocrx_word' id='word_1_23' title='bbox 446 786 540 859; x_wconf 88' lang='lat' dir='ltr'><strong>locus</strong></span> <span class='ocrx_word' id='word_1_24' title='bbox 575 786 775 860; x_wconf 83' lang='lat' dir='ltr'><strong>adiciendus</strong></span> <span class='ocrx_word' id='word_1_25' title='bbox 806 796 875 877; x_wconf 90' lang='lat' dir='ltr'><strong>est,</strong></span> <span class='ocrx_word' id='word_1_26' title='bbox 910 787 1038 862; x_wconf 83' lang='lat' dir='ltr'><strong>Florid.</strong></span> <span class='ocrx_word' id='word_1_27' title='bbox 1066 793 1132 863; x_wconf 72' lang='lat'><strong>91:</strong></span> <span class='ocrx_word' id='word_1_28' title='bbox 1161 790 1288 878; x_wconf 81' lang='lat' dir='ltr'><strong>„Hunc</strong></span> <span class='ocrx_word' id='word_1_29' title='bbox 1312 813 1370 885; x_wconf 73' lang='lat' dir='ltr'><strong>epo</strong></span> 
     </span>
     <span class='ocr_line' id='line_1_5' title="bbox 183 914 1370 1013; baseline 0.003 -28"><span class='ocrx_word' id='word_1_30' title='bbox 183 914 273 988; x_wconf 76' lang='lat' dir='ltr'><strong>cobis</strong></span> <span class='ocrx_word' id='word_1_31' title='bbox 307 916 483 987; x_wconf 77' lang='lat' dir='ltr'><strong>mercedem</strong></span> <span class='ocrx_word' id='word_1_32' title='bbox 515 915 798 1009; x_wconf 75' lang='lat' dir='ltr'><strong>Cortqupinenrea</strong></span> <span class='ocrx_word' id='word_1_33' title='bbox 822 915 942 1013; x_wconf 78' lang='lat' dir='ltr'><strong>ubique</strong></span> <span class='ocrx_word' id='word_1_34' title='bbox 962 917 1112 1013; x_wconf 77' lang='lat' dir='ltr'><strong>pontium</strong></span> <span class='ocrx_word' id='word_1_35' title='bbox 1139 918 1285 1011; x_wconf 78' lang='lat' dir='ltr'><strong>dependo</strong></span> <span class='ocrx_word' id='word_1_36' title='bbox 1306 941 1370 1011; x_wconf 81' lang='lat' dir='ltr'><strong>pro</strong></span> 
     </span>
     <span class='ocr_line' id='line_1_6' title="bbox 183 1044 1371 1143; baseline -0.001 -28"><span class='ocrx_word' id='word_1_37' title='bbox 183 1045 370 1139; x_wconf 79' lang='lat' dir='ltr'><strong>disciplinis</strong></span> <span class='ocrx_word' id='word_1_38' title='bbox 402 1066 486 1141; x_wconf 80' lang='lat' dir='ltr'><strong>qaas</strong></span> <span class='ocrx_word' id='word_1_39' title='bbox 520 1046 555 1113; x_wconf 84' lang='lat' dir='ltr'><strong>io</strong></span> <span class='ocrx_word' id='word_1_40' title='bbox 584 1045 737 1137; x_wconf 80' lang='lat' dir='ltr'><strong>pueritia</strong></span> <span class='ocrx_word' id='word_1_41' title='bbox 766 1069 836 1116; x_wconf 80' lang='lat' dir='ltr'><strong>aum</strong></span> <span class='ocrx_word' id='word_1_42' title='bbox 862 1046 955 1139; x_wconf 80' lang='lat' dir='ltr'><strong>epod</strong></span> <span class='ocrx_word' id='word_1_43' title='bbox 976 1070 1032 1116; x_wconf 84' lang='lat' dir='ltr'><strong>ooo</strong></span> <span class='ocrx_word' id='word_1_44' title='bbox 1057 1047 1208 1140; x_wconf 78' lang='lat' dir='ltr'><strong>adeptos.</strong></span> <span class='ocrx_word' id='word_1_45' title='bbox 1244 1044 1371 1143; x_wconf 78' lang='lat' dir='ltr'><strong>Ubique</strong></span> 
     </span>
     <span class='ocr_line' id='line_1_7' title="bbox 183 1173 1449 1271; baseline 0.002 -29"><span class='ocrx_word' id='word_1_46' title='bbox 183 1173 269 1243; x_wconf 78' lang='lat' dir='ltr'><strong>emin</strong></span> <span class='ocrx_word' id='word_1_47' title='bbox 302 1197 353 1243; x_wconf 86' lang='lat' dir='ltr'><strong>me</strong></span> <span class='ocrx_word' id='word_1_48' title='bbox 385 1174 535 1245; x_wconf 78' lang='lat' dir='ltr'><strong>civitatis</strong></span> <span class='ocrx_word' id='word_1_49' title='bbox 567 1181 699 1245; x_wconf 75' lang='lat' dir='ltr'><strong>vestroe</strong></span> <span class='ocrx_word' id='word_1_50' title='bbox 727 1173 891 1244; x_wconf 79' lang='lat' dir='ltr'><strong>alumnum</strong></span> <span class='ocrx_word' id='word_1_51' title='bbox 916 1177 1015 1266; x_wconf 84' lang='lat' dir='ltr'><strong>fero,</strong></span> <span class='ocrx_word' id='word_1_52' title='bbox 1043 1173 1163 1271; x_wconf 78' lang='lat' dir='ltr'><strong>abique</strong></span> <span class='ocrx_word' id='word_1_53' title='bbox 1188 1198 1243 1246; x_wconf 82' lang='lat' dir='ltr'><strong>voe</strong></span> <span class='ocrx_word' id='word_1_54' title='bbox 1267 1174 1368 1244; x_wconf 83' lang='lat' dir='ltr'><strong>omni·</strong></span> <span class='ocrx_word' id='word_1_55' title='bbox 1447 1193 1449 1199; x_wconf 84' lang='lat'>·</span> 
     </span>
     <span class='ocr_line' id='line_1_8' title="bbox 182 1300 1368 1397; baseline 0.003 -26"><span class='ocrx_word' id='word_1_56' title='bbox 182 1302 285 1373; x_wconf 79' lang='lat' dir='ltr'><strong>modis</strong></span> <span class='ocrx_word' id='word_1_57' title='bbox 309 1300 464 1373; x_wconf 77' lang='lat' dir='ltr'><strong>laudibus</strong></span> <span class='ocrx_word' id='word_1_58' title='bbox 488 1301 633 1389; x_wconf 82' lang='lat' dir='ltr'><strong>celebro,</strong></span> <span class='ocrx_word' id='word_1_59' title='bbox 655 1309 785 1374; x_wconf 77' lang='lat' dir='ltr'><strong>vestras</strong></span> <span class='ocrx_word' id='word_1_60' title='bbox 807 1300 1368 1397; x_wconf 78' lang='lat' dir='ltr'><strong>disciplinaestudiosiocpercolo.&#39;&#39;</strong></span> 
     </span>
     <span class='ocr_line' id='line_1_9' title="bbox 181 1428 1369 1530; baseline 0.003 -29"><span class='ocrx_word' id='word_1_61' title='bbox 181 1428 248 1501; x_wconf 91' lang='lat' dir='ltr'><strong>His</strong></span> <span class='ocrx_word' id='word_1_62' title='bbox 280 1430 425 1526; x_wconf 84' lang='lat' dir='ltr'><strong>cognitis</strong></span> <span class='ocrx_word' id='word_1_63' title='bbox 458 1456 579 1518; x_wconf 89' lang='lat' dir='ltr'><strong>nemo,</strong></span> <span class='ocrx_word' id='word_1_64' title='bbox 611 1430 751 1527; x_wconf 87' lang='lat' dir='ltr'><strong>opinor,</strong></span> <span class='ocrx_word' id='word_1_65' title='bbox 777 1430 954 1504; x_wconf 82' lang='lat' dir='ltr'><strong>dubitabit</strong></span> <span class='ocrx_word' id='word_1_66' title='bbox 979 1431 1066 1528; x_wconf 91' lang='lat' dir='ltr'><strong>quin</strong></span> <span class='ocrx_word' id='word_1_67' title='bbox 1091 1431 1228 1504; x_wconf 89' lang='lat' dir='ltr'><strong>Rohdei</strong></span> <span class='ocrx_word' id='word_1_68' title='bbox 1253 1430 1369 1530; x_wconf 90' lang='lat' dir='ltr'><strong>opinio</strong></span> 
     </span>
     <span class='ocr_line' id='line_1_10' title="bbox 181 1552 523 1631; baseline 0.012 -3"><span class='ocrx_word' id='word_1_69' title='bbox 181 1557 225 1629; x_wconf 92' lang='lat' dir='ltr'><strong>sit</strong></span> <span class='ocrx_word' id='word_1_70' title='bbox 248 1557 429 1631; x_wconf 87' lang='lat' dir='ltr'><strong>reicienda.</strong></span> <span class='ocrx_word' id='word_1_71' title='bbox 521 1552 523 1557; x_wconf 66' lang='grc'><strong>’</strong></span> 
     </span>
    </p>

    <p class='ocr_par' dir='ltr' id='par_1_3' title="bbox 176 1687 1431 3451">
     <span class='ocr_line' id='line_1_11' title="bbox 229 1687 1369 1785; baseline -0.001 -23"><span class='ocrx_word' id='word_1_72' title='bbox 229 1687 351 1762; x_wconf 85' lang='lat' dir='ltr'><strong>Quum</strong></span> <span class='ocrx_word' id='word_1_73' title='bbox 380 1687 487 1783; x_wconf 92' lang='lat' dir='ltr'><strong>igitur</strong></span> <span class='ocrx_word' id='word_1_74' title='bbox 513 1689 557 1760; x_wconf 86' lang='lat' dir='ltr'><strong>sit</strong></span> <span class='ocrx_word' id='word_1_75' title='bbox 582 1688 658 1760; x_wconf 91' lang='lat' dir='ltr'><strong>luce</strong></span> <span class='ocrx_word' id='word_1_76' title='bbox 684 1688 807 1760; x_wconf 89' lang='lat' dir='ltr'><strong>clarius</strong></span> <span class='ocrx_word' id='word_1_77' title='bbox 831 1713 944 1785; x_wconf 92' lang='lat' dir='ltr'><strong>neque</strong></span> <span class='ocrx_word' id='word_1_78' title='bbox 971 1687 1023 1760; x_wconf 92' lang='lat' dir='ltr'><strong>his</strong></span> <span class='ocrx_word' id='word_1_79' title='bbox 1049 1687 1160 1760; x_wconf 91' lang='lat' dir='ltr'><strong>verbis</strong></span> <span class='ocrx_word' id='word_1_80' title='bbox 1185 1688 1369 1785; x_wconf 86' lang='lat' dir='ltr'><strong>significari</strong></span> 
     </span>
     <span class='ocr_line' id='line_1_12' title="bbox 179 1815 1367 1915; baseline 0.003 -29"><span class='ocrx_word' id='word_1_81' title='bbox 179 1815 306 1912; x_wconf 87' lang='lat' dir='ltr'><strong>Apulei</strong></span> <span class='ocrx_word' id='word_1_82' title='bbox 331 1815 498 1911; x_wconf 80' lang='lat' dir='ltr'><strong>originem</strong></span> <span class='ocrx_word' id='word_1_83' title='bbox 524 1842 636 1915; x_wconf 91' lang='lat' dir='ltr'><strong>neque</strong></span> <span class='ocrx_word' id='word_1_84' title='bbox 659 1842 719 1914; x_wconf 91' lang='lat' dir='ltr'><strong>per</strong></span> <span class='ocrx_word' id='word_1_85' title='bbox 739 1817 849 1889; x_wconf 92' lang='lat' dir='ltr'><strong>ullam</strong></span> <span class='ocrx_word' id='word_1_86' title='bbox 863 1816 1102 1915; x_wconf 86' lang='lat' dir='ltr'><strong>metaphoram</strong></span> <span class='ocrx_word' id='word_1_87' title='bbox 1114 1841 1191 1889; x_wconf 91' lang='lat' dir='ltr'><strong>eam</strong></span> <span class='ocrx_word' id='word_1_88' title='bbox 1204 1817 1367 1906; x_wconf 83' lang='lat' dir='ltr'><strong>indicari,</strong></span> 
     </span>
     <span class='ocr_line' id='line_1_13' title="bbox 179 1941 1369 2042; baseline 0.002 -28"><span class='ocrx_word' id='word_1_89' title='bbox 179 1941 300 2014; x_wconf 90' lang='lat' dir='ltr'><strong>eadem</strong></span> <span class='ocrx_word' id='word_1_90' title='bbox 325 1942 440 2015; x_wconf 91' lang='lat' dir='ltr'><strong>valent</strong></span> <span class='ocrx_word' id='word_1_91' title='bbox 465 1942 509 2015; x_wconf 89' lang='lat' dir='ltr'><strong>de</strong></span> <span class='ocrx_word' id='word_1_92' title='bbox 534 1944 640 2017; x_wconf 85' lang='lat' dir='ltr'><strong>altera</strong></span> <span class='ocrx_word' id='word_1_93' title='bbox 665 1944 769 2017; x_wconf 89' lang='lat' dir='ltr'><strong>huius</strong></span> <span class='ocrx_word' id='word_1_94' title='bbox 794 1945 982 2017; x_wconf 89' lang='lat' dir='ltr'><strong>sententiae</strong></span> <span class='ocrx_word' id='word_1_95' title='bbox 1004 1952 1101 2042; x_wconf 87' lang='lat' dir='ltr'><strong>parte</strong></span> <span class='ocrx_word' id='word_1_96' title='bbox 1122 1971 1220 2032; x_wconf 79' lang='lat' dir='ltr'><strong>„moa</strong></span> <span class='ocrx_word' id='word_1_97' title='bbox 1240 1944 1369 2017; x_wconf 74' lang='lat' dir='ltr'><strong>incede</strong></span> 
     </span>
     <span class='ocr_line' id='line_1_14' title="bbox 180 2072 1368 2167; baseline 0.003 -25"><span class='ocrx_word' id='word_1_98' title='bbox 180 2072 286 2144; x_wconf 79' lang='lat' dir='ltr'><strong>Latio</strong></span> <span class='ocrx_word' id='word_1_99' title='bbox 307 2074 435 2144; x_wconf 81' lang='lat' dir='ltr'><strong>advena</strong></span> <span class='ocrx_word' id='word_1_100' title='bbox 448 2075 632 2145; x_wconf 79' lang='lat' dir='ltr'><strong>studiorum</strong></span> <span class='ocrx_word' id='word_1_101' title='bbox 652 2074 834 2151; x_wconf 80' lang='lat' dir='ltr'><strong>Quiritium</strong></span> <span class='ocrx_word' id='word_1_102' title='bbox 846 2075 1034 2167; x_wconf 64' lang='lat' dir='ltr'><strong>indepenom</strong></span> <span class='ocrx_word' id='word_1_103' title='bbox 1048 2098 1227 2146; x_wconf 77' lang='lat' dir='ltr'><strong>sermonem</strong></span> <span class='ocrx_word' id='word_1_104' title='bbox 1242 2099 1368 2145; x_wconf 83' lang='lat' dir='ltr'><strong>aerum-</strong></span> 
     </span>
     <span class='ocr_line' id='line_1_15' title="bbox 179 2199 1368 2299; baseline 0.003 -29"><span class='ocrx_word' id='word_1_105' title='bbox 179 2199 286 2271; x_wconf 80' lang='lat' dir='ltr'><strong>nabili</strong></span> <span class='ocrx_word' id='word_1_106' title='bbox 309 2199 422 2272; x_wconf 82' lang='lat' dir='ltr'><strong>labore</strong></span> <span class='ocrx_word' id='word_1_107' title='bbox 443 2203 531 2273; x_wconf 81' lang='lat' dir='ltr'><strong>collo</strong></span> <span class='ocrx_word' id='word_1_108' title='bbox 553 2203 712 2297; x_wconf 76' lang='lat' dir='ltr'><strong>mopiotro</strong></span> <span class='ocrx_word' id='word_1_109' title='bbox 724 2210 910 2296; x_wconf 80' lang='lat' dir='ltr'><strong>praeeunte</strong></span> <span class='ocrx_word' id='word_1_110' title='bbox 923 2226 1098 2298; x_wconf 73' lang='lat' dir='ltr'><strong>oppressus</strong></span> <span class='ocrx_word' id='word_1_111' title='bbox 1110 2201 1271 2299; x_wconf 76' lang='lat' dir='ltr'><strong>eocoloi&#39;&#39;.</strong></span> <span class='ocrx_word' id='word_1_112' title='bbox 1287 2202 1368 2274; x_wconf 93' lang='lat' dir='ltr'><strong>Non</strong></span> 
     </span>
     <span class='ocr_line' id='line_1_16' title="bbox 178 2329 1431 2420; baseline 0.002 -20"><span class='ocrx_word' id='word_1_113' title='bbox 178 2336 295 2401; x_wconf 89' lang='lat' dir='ltr'><strong>tamen</strong></span> <span class='ocrx_word' id='word_1_114' title='bbox 332 2336 383 2401; x_wconf 89' lang='lat' dir='ltr'><strong>est</strong></span> <span class='ocrx_word' id='word_1_115' title='bbox 407 2329 605 2403; x_wconf 90' lang='lat' dir='ltr'><strong>mirandum</strong></span> <span class='ocrx_word' id='word_1_116' title='bbox 633 2331 670 2402; x_wconf 91' lang='lat' dir='ltr'><strong>in</strong></span> <span class='ocrx_word' id='word_1_117' title='bbox 695 2329 750 2402; x_wconf 91' lang='lat' dir='ltr'><strong>his</strong></span> <span class='ocrx_word' id='word_1_118' title='bbox 774 2330 887 2403; x_wconf 88' lang='lat' dir='ltr'><strong>verbis</strong></span> <span class='ocrx_word' id='word_1_119' title='bbox 912 2336 1200 2420; x_wconf 76' lang='lat' dir='ltr'><strong>commentatores</strong></span> <span class='ocrx_word' id='word_1_120' title='bbox 1223 2329 1368 2403; x_wconf 84' lang='lat' dir='ltr'><strong>haesisse</strong></span> <span class='ocrx_word' id='word_1_121' title='bbox 1429 2346 1431 2350; x_wconf 82' lang='grc'><strong>“</strong></span> 
     </span>
     <span class='ocr_line' id='line_1_17' title="bbox 177 2457 1366 2555; baseline 0.003 -25"><span class='ocrx_word' id='word_1_122' title='bbox 177 2466 282 2554; x_wconf 88' lang='lat' dir='ltr'><strong>atque</strong></span> <span class='ocrx_word' id='word_1_123' title='bbox 311 2458 457 2530; x_wconf 91' lang='lat' dir='ltr'><strong>incertos</strong></span> <span class='ocrx_word' id='word_1_124' title='bbox 492 2458 595 2531; x_wconf 86' lang='lat' dir='ltr'><strong>fuisse</strong></span> <span class='ocrx_word' id='word_1_125' title='bbox 626 2457 778 2531; x_wconf 90' lang='lat' dir='ltr'><strong>Lucione</strong></span> <span class='ocrx_word' id='word_1_126' title='bbox 813 2483 852 2530; x_wconf 88' lang='lat' dir='ltr'><strong>ea</strong></span> <span class='ocrx_word' id='word_1_127' title='bbox 877 2457 1115 2530; x_wconf 88' lang='lat' dir='ltr'><strong>adiudicarent</strong></span> <span class='ocrx_word' id='word_1_128' title='bbox 1138 2482 1182 2530; x_wconf 88' lang='lat' dir='ltr'><strong>an</strong></span> <span class='ocrx_word' id='word_1_129' title='bbox 1196 2457 1366 2555; x_wconf 78' lang='lat' dir='ltr'><strong>Apuleio,</strong></span> 
     </span>
     <span class='ocr_line' id='line_1_18' title="bbox 179 2578 1364 2684; baseline -0.002 -24"><span class='ocrx_word' id='word_1_130' title='bbox 179 2585 301 2660; x_wconf 86' lang='lat' dir='ltr'><strong>Quum</strong></span> <span class='ocrx_word' id='word_1_131' title='bbox 333 2585 424 2657; x_wconf 91' lang='lat' dir='ltr'><strong>enim</strong></span> <span class='ocrx_word' id='word_1_132' title='bbox 454 2586 693 2684; x_wconf 86' lang='lat' dir='ltr'><strong>praecedentia</strong></span> <span class='ocrx_word' id='word_1_133' title='bbox 717 2587 885 2658; x_wconf 84' lang='lat' dir='ltr'><strong>suadeant</strong></span> <span class='ocrx_word' id='word_1_134' title='bbox 911 2594 951 2659; x_wconf 92' lang='lat' dir='ltr'><strong>ut</strong></span> <span class='ocrx_word' id='word_1_135' title='bbox 975 2578 1083 2658; x_wconf 87' lang='lat' dir='ltr'><strong>Lucio</strong></span> <span class='ocrx_word' id='word_1_136' title='bbox 1108 2585 1364 2675; x_wconf 86' lang='lat' dir='ltr'><strong>attribuantur,</strong></span> 
     </span>
     <span class='ocr_line' id='line_1_19' title="bbox 177 2713 1366 2812; baseline 0.001 -28"><span class='ocrx_word' id='word_1_137' title='bbox 177 2719 295 2785; x_wconf 87' lang='lat' dir='ltr'><strong>tamen</strong></span> <span class='ocrx_word' id='word_1_138' title='bbox 328 2738 452 2810; x_wconf 89' lang='lat' dir='ltr'><strong>negare</strong></span> <span class='ocrx_word' id='word_1_139' title='bbox 476 2739 546 2786; x_wconf 90' lang='lat' dir='ltr'><strong>non</strong></span> <span class='ocrx_word' id='word_1_140' title='bbox 576 2739 758 2812; x_wconf 93' lang='lat' dir='ltr'><strong>possumus</strong></span> <span class='ocrx_word' id='word_1_141' title='bbox 783 2713 973 2810; x_wconf 82' lang='lat' dir='ltr'><strong>Apuleium</strong></span> <span class='ocrx_word' id='word_1_142' title='bbox 998 2738 1113 2786; x_wconf 87' lang='lat' dir='ltr'><strong>revera</strong></span> <span class='ocrx_word' id='word_1_143' title='bbox 1137 2713 1270 2785; x_wconf 90' lang='lat' dir='ltr'><strong>Romae</strong></span> <span class='ocrx_word' id='word_1_144' title='bbox 1294 2739 1366 2785; x_wconf 92' lang='lat' dir='ltr'><strong>mo-</strong></span> 
     </span>
     <span class='ocr_line' id='line_1_20' title="bbox 176 2842 1362 2939; baseline 0.003 -26"><span class='ocrx_word' id='word_1_145' title='bbox 176 2849 292 2914; x_wconf 90' lang='lat' dir='ltr'><strong>ratum</strong></span> <span class='ocrx_word' id='word_1_146' title='bbox 329 2866 418 2930; x_wconf 78' lang='lat' dir='ltr'><strong>esse3</strong></span> <span class='ocrx_word' id='word_1_147' title='bbox 457 2842 684 2939; x_wconf 92' lang='lat' dir='ltr'><strong>quamobrem</strong></span> <span class='ocrx_word' id='word_1_148' title='bbox 722 2843 817 2914; x_wconf 90' lang='lat' dir='ltr'><strong>fuere</strong></span> <span class='ocrx_word' id='word_1_149' title='bbox 855 2843 917 2939; x_wconf 93' lang='lat' dir='ltr'><strong>qui</strong></span> <span class='ocrx_word' id='word_1_150' title='bbox 944 2842 1024 2915; x_wconf 90' lang='lat' dir='ltr'><strong>huic</strong></span> <span class='ocrx_word' id='word_1_151' title='bbox 1050 2867 1089 2914; x_wconf 89' lang='lat' dir='ltr'><strong>ea</strong></span> <span class='ocrx_word' id='word_1_152' title='bbox 1113 2842 1362 2917; x_wconf 88' lang='lat' dir='ltr'><strong>adiudicarcnt.</strong></span> 
     </span>
     <span class='ocr_line' id='line_1_21' title="bbox 176 2968 1365 3045; baseline 0.001 -4"><span class='ocrx_word' id='word_1_153' title='bbox 176 2968 371 3042; x_wconf 87' lang='lat' dir='ltr'><strong>Verborum</strong></span> <span class='ocrx_word' id='word_1_154' title='bbox 403 2971 571 3044; x_wconf 88' lang='lat' dir='ltr'><strong>sententia</strong></span> <span class='ocrx_word' id='word_1_155' title='bbox 604 2972 688 3044; x_wconf 89' lang='lat' dir='ltr'><strong>haec</strong></span> <span class='ocrx_word' id='word_1_156' title='bbox 722 2980 790 3045; x_wconf 88' lang='lat' dir='ltr'><strong>cst:</strong></span> <span class='ocrx_word' id='word_1_157' title='bbox 828 2969 957 3043; x_wconf 86' lang='lat' dir='ltr'><strong>Lucius</strong></span> <span class='ocrx_word' id='word_1_158' title='bbox 983 2970 1068 3042; x_wconf 90' lang='lat' dir='ltr'><strong>dicit</strong></span> <span class='ocrx_word' id='word_1_159' title='bbox 1093 2996 1128 3042; x_wconf 89' lang='lat' dir='ltr'><strong>se</strong></span> <span class='ocrx_word' id='word_1_160' title='bbox 1153 2971 1304 3042; x_wconf 81' lang='lat' dir='ltr'><strong>Romam</strong></span> <span class='ocrx_word' id='word_1_161' title='bbox 1330 2996 1365 3042; x_wconf 88' lang='lat' dir='ltr'><strong>se</strong></span> 
     </span>
     <span class='ocr_line' id='line_1_22' title="bbox 176 3097 1364 3197; baseline 0.001 -27"><span class='ocrx_word' id='word_1_162' title='bbox 176 3098 359 3170; x_wconf 87' lang='lat' dir='ltr'><strong>contulisse</strong></span> <span class='ocrx_word' id='word_1_163' title='bbox 394 3098 514 3195; x_wconf 89' lang='lat' dir='ltr'><strong>ibique</strong></span> <span class='ocrx_word' id='word_1_164' title='bbox 552 3099 690 3195; x_wconf 87' lang='lat' dir='ltr'><strong>linguae</strong></span> <span class='ocrx_word' id='word_1_165' title='bbox 724 3097 868 3171; x_wconf 87' lang='lat' dir='ltr'><strong>Latinae</strong></span> <span class='ocrx_word' id='word_1_166' title='bbox 901 3124 1040 3197; x_wconf 87' lang='lat' dir='ltr'><strong>operam</strong></span> <span class='ocrx_word' id='word_1_167' title='bbox 1074 3099 1217 3172; x_wconf 89' lang='lat' dir='ltr'><strong>dedisse.</strong></span> <span class='ocrx_word' id='word_1_168' title='bbox 1243 3099 1286 3170; x_wconf 90' lang='lat' dir='ltr'><strong>ln</strong></span> <span class='ocrx_word' id='word_1_169' title='bbox 1312 3098 1364 3171; x_wconf 92' lang='lat' dir='ltr'><strong>his</strong></span> 
     </span>
     <span class='ocr_line' id='line_1_23' title="bbox 176 3225 1363 3324; baseline 0 -26"><span class='ocrx_word' id='word_1_170' title='bbox 176 3227 247 3299; x_wconf 87' lang='lat' dir='ltr'><strong>sola</strong></span> <span class='ocrx_word' id='word_1_171' title='bbox 277 3251 342 3298; x_wconf 85' lang='lat' dir='ltr'><strong>vox</strong></span> <span class='ocrx_word' id='word_1_172' title='bbox 376 3225 554 3315; x_wconf 85' lang='lat' dir='ltr'><strong>„excolui”</strong></span> <span class='ocrx_word' id='word_1_173' title='bbox 581 3227 816 3299; x_wconf 88' lang='lat' dir='ltr'><strong>controversiis</strong></span> <span class='ocrx_word' id='word_1_174' title='bbox 841 3227 956 3299; x_wconf 89' lang='lat' dir='ltr'><strong>locum</strong></span> <span class='ocrx_word' id='word_1_175' title='bbox 982 3227 1060 3314; x_wconf 90' lang='lat' dir='ltr'><strong>dat,</strong></span> <span class='ocrx_word' id='word_1_176' title='bbox 1086 3226 1169 3324; x_wconf 90' lang='lat' dir='ltr'><strong>quia</strong></span> <span class='ocrx_word' id='word_1_177' title='bbox 1192 3227 1363 3299; x_wconf 86' lang='lat' dir='ltr'><strong>incertum</strong></span> 
     </span>
     <span class='ocr_line' id='line_1_24' title="bbox 176 3353 1364 3451; baseline -0.001 -25"><span class='ocrx_word' id='word_1_178' title='bbox 176 3364 226 3427; x_wconf 91' lang='lat' dir='ltr'><strong>est</strong></span> <span class='ocrx_word' id='word_1_179' title='bbox 251 3361 370 3427; x_wconf 90' lang='lat' dir='ltr'><strong>utrum</strong></span> <span class='ocrx_word' id='word_1_180' title='bbox 397 3355 566 3450; x_wconf 86' lang='lat' dir='ltr'><strong>significet</strong></span> <span class='ocrx_word' id='word_1_181' title='bbox 590 3357 741 3427; x_wconf 81' lang='lat' dir='ltr'><strong>addidici</strong></span> <span class='ocrx_word' id='word_1_182' title='bbox 763 3380 808 3427; x_wconf 90' lang='lat' dir='ltr'><strong>an</strong></span> <span class='ocrx_word' id='word_1_183' title='bbox 834 3357 1049 3427; x_wconf 79' lang='lat' dir='ltr'><strong>eruditionem</strong></span> <span class='ocrx_word' id='word_1_184' title='bbox 1069 3356 1216 3451; x_wconf 81' lang='lat' dir='ltr'><strong>perfeci.</strong></span> <span class='ocrx_word' id='word_1_185' title='bbox 1239 3353 1364 3426; x_wconf 85' lang='lat' dir='ltr'><strong>Rohde</strong></span> 
     </span>
    </p>
   </div>
   <div class='ocr_carea' id='block_1_3' title="bbox 65 3482 1364 3581">
    <p class='ocr_par' dir='ltr' id='par_1_4' title="bbox 65 3482 1364 3581">
     <span class='ocr_line' id='line_1_25' title="bbox 65 3482 1364 3581; baseline 0 -26"><span class='ocrx_word' id='word_1_186' title='bbox 65 3484 69 3489; x_wconf 73' lang='grc'><strong>’</strong></span> <span class='ocrx_word' id='word_1_187' title='bbox 175 3507 218 3555; x_wconf 91' lang='lat' dir='ltr'><strong>ne</strong></span> <span class='ocrx_word' id='word_1_188' title='bbox 248 3483 408 3555; x_wconf 87' lang='lat' dir='ltr'><strong>sibinen</strong></span> <span class='ocrx_word' id='word_1_189' title='bbox 432 3492 602 3556; x_wconf 87' lang='lat' dir='ltr'><strong>constaret</strong></span> <span class='ocrx_word' id='word_1_190' title='bbox 626 3483 710 3556; x_wconf 89' lang='lat' dir='ltr'><strong>haec</strong></span> <span class='ocrx_word' id='word_1_191' title='bbox 736 3508 875 3581; x_wconf 90' lang='lat' dir='ltr'><strong>quoque</strong></span> <span class='ocrx_word' id='word_1_192' title='bbox 900 3483 1002 3556; x_wconf 87' lang='lat' dir='ltr'><strong>verba</strong></span> <span class='ocrx_word' id='word_1_193' title='bbox 1028 3484 1071 3556; x_wconf 91' lang='lat' dir='ltr'><strong>de</strong></span> <span class='ocrx_word' id='word_1_194' title='bbox 1096 3482 1245 3581; x_wconf 90' lang='lat' dir='ltr'><strong>Apuleio</strong></span> <span class='ocrx_word' id='word_1_195' title='bbox 1271 3482 1364 3557; x_wconf 88' lang='lat' dir='ltr'><strong>dicta</strong></span> 
     </span>
    </p>
   </div>
   <div class='ocr_carea' id='block_1_4' title="bbox 173 3611 1363 4479">
    <p class='ocr_par' dir='ltr' id='par_1_5' title="bbox 173 3611 1363 4479">
     <span class='ocr_line' id='line_1_26' title="bbox 175 3611 1362 3709; baseline 0 -26"><span class='ocrx_word' id='word_1_196' title='bbox 175 3636 245 3683; x_wconf 90' lang='lat' dir='ltr'><strong>esse</strong></span> <span class='ocrx_word' id='word_1_197' title='bbox 282 3611 479 3700; x_wconf 87' lang='lat' dir='ltr'><strong>contendit,</strong></span> <span class='ocrx_word' id='word_1_198' title='bbox 513 3612 562 3684; x_wconf 91' lang='lat' dir='ltr'><strong>ita</strong></span> <span class='ocrx_word' id='word_1_199' title='bbox 594 3612 839 3709; x_wconf 86' lang='lat' dir='ltr'><strong>interpretatus</strong></span> <span class='ocrx_word' id='word_1_200' title='bbox 873 3612 972 3709; x_wconf 86' lang='lat' dir='ltr'><strong>quasi</strong></span> <span class='ocrx_word' id='word_1_201' title='bbox 1002 3613 1073 3685; x_wconf 87' lang='lat' dir='ltr'><strong>iam</strong></span> <span class='ocrx_word' id='word_1_202' title='bbox 1098 3618 1200 3684; x_wconf 88' lang='lat' dir='ltr'><strong>antea</strong></span> <span class='ocrx_word' id='word_1_203' title='bbox 1224 3611 1362 3706; x_wconf 87' lang='lat' dir='ltr'><strong>linguae</strong></span> 
     </span>
     <span class='ocr_line' id='line_1_27' title="bbox 174 3721 1363 3838; baseline 0 -27"><span class='ocrx_word' id='word_1_204' title='bbox 174 3737 317 3811; x_wconf 86' lang='lat' dir='ltr'><strong>Latinae</strong></span> <span class='ocrx_word' id='word_1_205' title='bbox 350 3738 431 3810; x_wconf 89' lang='lat' dir='ltr'><strong>satis</strong></span> <span class='ocrx_word' id='word_1_206' title='bbox 466 3740 614 3838; x_wconf 86' lang='lat' dir='ltr'><strong>peritus,</strong></span> <span class='ocrx_word' id='word_1_207' title='bbox 641 3740 774 3811; x_wconf 85' lang='lat' dir='ltr'><strong>Rornae</strong></span> <span class='ocrx_word' id='word_1_208' title='bbox 799 3738 941 3811; x_wconf 86' lang='lat' dir='ltr'><strong>tandem</strong></span> <span class='ocrx_word' id='word_1_209' title='bbox 966 3740 1031 3812; x_wconf 89' lang='lat' dir='ltr'><strong>arti</strong></span> <span class='ocrx_word' id='word_1_210' title='bbox 1057 3739 1202 3811; x_wconf 86' lang='lat' dir='ltr'><strong>oratorie</strong></span> <span class='ocrx_word' id='word_1_211' title='bbox 1229 3721 1363 3834; x_wconf 87' lang='lat' dir='ltr'><strong>elegan-</strong></span> 
     </span>
     <span class='ocr_line' id='line_1_28' title="bbox 174 3866 1361 3965; baseline 0.001 -27"><span class='ocrx_word' id='word_1_212' title='bbox 174 3875 294 3963; x_wconf 89' lang='lat' dir='ltr'><strong>terque</strong></span> <span class='ocrx_word' id='word_1_213' title='bbox 317 3866 488 3940; x_wconf 90' lang='lat' dir='ltr'><strong>scribendi</strong></span> <span class='ocrx_word' id='word_1_214' title='bbox 512 3892 651 3965; x_wconf 88' lang='lat' dir='ltr'><strong>operam</strong></span> <span class='ocrx_word' id='word_1_215' title='bbox 677 3867 835 3940; x_wconf 86' lang='lat' dir='ltr'><strong>dedisset.</strong></span> <span class='ocrx_word' id='word_1_216' title='bbox 864 3866 969 3943; x_wconf 86' lang='lat' dir='ltr'><strong>Quod</strong></span> <span class='ocrx_word' id='word_1_217' title='bbox 994 3866 1023 3939; x_wconf 91' lang='lat' dir='ltr'><strong>si</strong></span> <span class='ocrx_word' id='word_1_218' title='bbox 1044 3867 1276 3956; x_wconf 70' lang='lat' dir='ltr'><strong>concedimus</strong></span> <span class='ocrx_word' id='word_1_219' title='bbox 1296 3874 1361 3939; x_wconf 91' lang='lat' dir='ltr'><strong>sta·</strong></span> 
     </span>
     <span class='ocr_line' id='line_1_29' title="bbox 173 3994 1359 4095; baseline 0 -27"><span class='ocrx_word' id='word_1_220' title='bbox 173 3996 237 4068; x_wconf 91' lang='lat' dir='ltr'><strong>tim</strong></span> <span class='ocrx_word' id='word_1_221' title='bbox 263 3995 487 4068; x_wconf 89' lang='lat' dir='ltr'><strong>confunditur</strong></span> <span class='ocrx_word' id='word_1_222' title='bbox 512 4005 708 4095; x_wconf 89' lang='lat' dir='ltr'><strong>temporum</strong></span> <span class='ocrx_word' id='word_1_223' title='bbox 731 3995 818 4068; x_wconf 87' lang='lat' dir='ltr'><strong>ratio</strong></span> <span class='ocrx_word' id='word_1_224' title='bbox 839 3997 884 4069; x_wconf 92' lang='lat' dir='ltr'><strong>ad</strong></span> <span class='ocrx_word' id='word_1_225' title='bbox 905 3994 1034 4094; x_wconf 84' lang='lat' dir='ltr'><strong>Apulei</strong></span> <span class='ocrx_word' id='word_1_226' title='bbox 1047 3996 1154 4068; x_wconf 85' lang='lat' dir='ltr'><strong>vitam</strong></span> <span class='ocrx_word' id='word_1_227' title='bbox 1167 3996 1359 4094; x_wconf 91' lang='lat' dir='ltr'><strong>pertinens,</strong></span> 
     </span>
     <span class='ocr_line' id='line_1_30' title="bbox 173 4123 1361 4221; baseline -0.001 -24"><span class='ocrx_word' id='word_1_228' title='bbox 173 4149 280 4221; x_wconf 92' lang='lat' dir='ltr'><strong>quam</strong></span> <span class='ocrx_word' id='word_1_229' title='bbox 305 4123 429 4197; x_wconf 88' lang='lat' dir='ltr'><strong>Rohde</strong></span> <span class='ocrx_word' id='word_1_230' title='bbox 454 4125 599 4199; x_wconf 82' lang='lat' dir='ltr'><strong>confecit</strong></span> <span class='ocrx_word' id='word_1_231' title='bbox 621 4133 657 4197; x_wconf 89' lang='lat' dir='ltr'><strong>et</strong></span> <span class='ocrx_word' id='word_1_232' title='bbox 680 4125 730 4198; x_wconf 89' lang='lat' dir='ltr'><strong>ita</strong></span> <span class='ocrx_word' id='word_1_233' title='bbox 755 4125 902 4197; x_wconf 90' lang='lat' dir='ltr'><strong>confecit</strong></span> <span class='ocrx_word' id='word_1_234' title='bbox 925 4131 967 4196; x_wconf 95' lang='lat' dir='ltr'><strong>ut</strong></span> <span class='ocrx_word' id='word_1_235' title='bbox 991 4148 1093 4197; x_wconf 92' lang='lat' dir='ltr'><strong>nemo</strong></span> <span class='ocrx_word' id='word_1_236' title='bbox 1118 4148 1187 4196; x_wconf 91' lang='lat' dir='ltr'><strong>non</strong></span> <span class='ocrx_word' id='word_1_237' title='bbox 1213 4123 1361 4197; x_wconf 88' lang='lat' dir='ltr'><strong>libenter</strong></span> 
     </span>
     <span class='ocr_line' id='line_1_31' title="bbox 173 4251 1358 4352; baseline -0.002 -27"><span class='ocrx_word' id='word_1_238' title='bbox 173 4253 204 4325; x_wconf 89' lang='lat' dir='ltr'><strong>ei</strong></span> <span class='ocrx_word' id='word_1_239' title='bbox 228 4253 441 4327; x_wconf 87' lang='lat' dir='ltr'><strong>assentiatur.</strong></span> <span class='ocrx_word' id='word_1_240' title='bbox 476 4253 562 4326; x_wconf 91' lang='lat' dir='ltr'><strong>Inde</strong></span> <span class='ocrx_word' id='word_1_241' title='bbox 586 4261 728 4352; x_wconf 88' lang='lat' dir='ltr'><strong>apparet</strong></span> <span class='ocrx_word' id='word_1_242' title='bbox 742 4252 846 4325; x_wconf 87' lang='lat' dir='ltr'><strong>enim</strong></span> <span class='ocrx_word' id='word_1_243' title='bbox 873 4277 953 4324; x_wconf 92' lang='lat' dir='ltr'><strong>eum</strong></span> <span class='ocrx_word' id='word_1_244' title='bbox 978 4251 1067 4324; x_wconf 89' lang='lat' dir='ltr'><strong>inter</strong></span> <span class='ocrx_word' id='word_1_245' title='bbox 1091 4275 1199 4324; x_wconf 88' lang='lat' dir='ltr'><strong>annos</strong></span> <span class='ocrx_word' id='word_1_246' title='bbox 1227 4255 1296 4324; x_wconf 87' lang='grc'><strong>150</strong></span> <span class='ocrx_word' id='word_1_247' title='bbox 1324 4260 1358 4324; x_wconf 92' lang='lat' dir='ltr'><strong>et</strong></span> 
     </span>
     <span class='ocr_line' id='line_1_32' title="bbox 176 4379 1358 4479; baseline 0 -27"><span class='ocrx_word' id='word_1_248' title='bbox 176 4384 243 4452; x_wconf 83' lang='lat'><strong>155</strong></span> <span class='ocrx_word' id='word_1_249' title='bbox 271 4381 403 4454; x_wconf 88' lang='lat' dir='ltr'><strong>Rornae</strong></span> <span class='ocrx_word' id='word_1_250' title='bbox 427 4381 531 4454; x_wconf 87' lang='lat' dir='ltr'><strong>fuisse</strong></span> <span class='ocrx_word' id='word_1_251' title='bbox 554 4381 673 4477; x_wconf 90' lang='lat' dir='ltr'><strong>ibique</strong></span> <span class='ocrx_word' id='word_1_252' title='bbox 693 4380 847 4477; x_wconf 92' lang='lat' dir='ltr'><strong>primum</strong></span> <span class='ocrx_word' id='word_1_253' title='bbox 871 4379 1358 4479; x_wconf 85' lang='lat' dir='ltr'><strong>Metamorphosibusccmpo-</strong></span> 
     </span>
    </p>
   </div>
   <div class='ocr_carea' id='block_1_5' title="bbox 0 0 1546 4988">
    <p class='ocr_par' dir='ltr' id='par_1_6' title="bbox 0 0 1546 4988">
     <span class='ocr_line' id='line_1_33' title="bbox 0 0 1546 4988; baseline 0 3"><span class='ocrx_word' id='word_1_254' title='bbox 0 0 1546 4988; x_wconf 95' lang='lat' dir='ltr'><strong> </strong></span> 
     </span>
    </p>
   </div>
  </div>
 </body>
</html>
