3082 4988
749 394 796 463 34

175 583 263 677 dicia
289 583 334 656 ad
360 583 467 656 vitam
493 608 592 654 suam
612 581 820 680 pertinentia
841 582 1045 678 praebuerit.
1061 585 1232 681 Equidem
1247 611 1359 683 quum

175 736 313 808 prorsus
347 710 515 782 contraria
549 709 716 798 sentiam,
742 710 849 782 satius
875 710 962 783 mihi
986 710 1124 784 videtur
1147 720 1261 786 totum
1284 713 1360 786 Me·

176 837 438 936 tamorphoseon
463 837 643 910 exordium
668 837 845 926 exhibere,
867 839 912 910 ad
933 838 1068 934 singula
1089 840 1190 913 verba
1211 840 1359 914 diversas

175 966 408 1039 conclusiones
440 965 611 1063 prolerre,
646 965 778 1038 adicere
811 990 900 1063 quae
925 967 1102 1064 probanda
1126 992 1284 1065 quaeque
1309 994 1360 1042 re·

173 1094 308 1167 icienda
333 1093 421 1167 mihi
444 1092 635 1166 videantur.

222 1222 361 1318 Prologi
392 1221 496 1294 verba
521 1221 603 1293 haec
626 1227 725 1294 sunt:
756 1221 828 1309 „Ar
853 1228 912 1317 e'po
938 1221 1000 1292 libi
1025 1245 1173 1295 ammone
1198 1225 1262 1296 isto
1288 1227 1360 1297 Mi-

174 1353 254 1423 lear'o
278 1352 394 1424 ocriae
413 1351 560 1444 fabulae
584 1374 752 1421 conseram
777 1373 939 1446 aaronque
966 1358 1042 1422 duaa
1065 1351 1230 1425 bertoaldo
1250 1355 1360 1447 lepido

173 1504 308 1552 accurro
330 1481 569 1574 permulceant,
594 1479 686 1550 modo
711 1480 742 1550 ai
764 1503 927 1574 papyrum
953 1481 1119 1575 Aeppptia
1143 1483 1279 1576 arpaldo
1292 1483 1357 1553 Ni-

173 1609 267 1680 lolr‘cc'
290 1609 412 1680 calami
436 1608 632 1701 incomptam
658 1631 722 1677 noa
748 1607 914 1701 spreveris
937 1605 1134 1701 inspicere.''
1161 1607 1219 1680 Ad
1246 1609 1358 1707 ipsam

174 1735 414 1834 quaestionem
438 1734 636 1807 solvendam
661 1733 745 1806 haec
770 1733 871 1806 verba
884 1757 967 1820 ⁷non
987 1733 1036 1806 ita
1057 1735 1176 1830 magni
1189 1737 1360 1809 momenti

174 1872 274 1953 sunt,
301 1887 413 1959 neque
439 1861 609 1959 estquod
635 1887 675 1934 ea
699 1862 743 1934 ab
769 1861 832 1933 hoc
857 1861 911 1934 vel
936 1860 995 1933 illo
1021 1868 1158 1934 auctora
1182 1861 1358 1936 abiudica-

174 2016 265 2063 mus.
291 1990 390 2063 Nihil
415 2015 495 2063 sane
520 1989 635 2062 obstat
664 1989 851 2085 quominus
876 2013 1074 2061 censeamus
1097 1988 1206 2085 ipsius
1229 1990 1360 2087 Apulei
1468 2050 1480 2062 ,

136 2210 138 2214 ⁴
174 2118 258 2191 haec
285 2144 356 2192 esse
382 2119 503 2207 verba,
528 2143 617 2215 quae
642 2126 824 2214 tamquam
851 2116 1031 2190 exordium
1056 2118 1243 2201 narrationi
1263 2143 1357 2216 prac-

179 2247 329 2336 miserit;
368 2247 427 2320 sed
453 2246 575 2319 eodem
600 2247 674 2319 iure
700 2246 736 2318 in
764 2246 805 2318 iis
831 2245 1001 2318 Patrensis
1027 2245 1128 2320 verba
1152 2248 1257 2319 latere
1280 2272 1360 2318 oon·

174 2374 323 2447 tenderit
355 2374 547 2472 quispiam,
581 2399 670 2470 quae
703 2373 872 2472 Apuleius
904 2374 1038 2468 integra
1071 2399 1112 2447 ex
1136 2374 1239 2447 huius
1264 2399 1359 2471 prae-

175 2503 303 2575 fatione
346 2503 382 2575 in
425 2528 523 2575 suarn
566 2502 789 2576 transtulerit.
828 2501 1009 2574 Hactenus
1044 2503 1152 2598 igitur
1190 2503 1358 2601 praefatio

174 2631 505 2730 Metamorphosium
549 2630 687 2703 nullum
733 2630 972 2703 indubitatum
1010 2630 1179 2703 indicium
1217 2631 1359 2729 praebet

173 2758 430 2854 inquirentibus
460 2759 517 2831 cui
550 2759 594 2831 sit
628 2757 868 2833 adiudicanda.
898 2758 1089 2854 Aliquanto
1115 2758 1192 2856 plus
1217 2760 1358 2833 fortasse

173 2897 317 2981 prosunt
341 2913 430 2985 quae
463 2896 673 2985 sequuntur:
703 2892 858 2985 „Jipuroa
878 2889 1107 2986 fortunaeque
1133 2889 1295 2960 laurinum
1320 2891 1358 2960 iu

173 3016 262 3088 oliae
285 3018 445 3114 inopinae
469 3041 643 3089 conversae
666 3023 700 3088 el
724 3018 760 3087 iu
785 3041 821 3088 ae
844 3041 973 3089 rursum
999 3023 1109 3088 mutuo
1134 3042 1220 3088 aena
1246 3019 1357 3110 refec-

175 3153 229 3217 tos
262 3154 300 3217 ut
333 3146 465 3217 mireris
499 3142 688 3218 eaordr'or.''
715 3143 820 3216 Nuda
844 3144 904 3216 illa
928 3143 1048 3232 verba,
1074 3169 1163 3241 quae
1187 3145 1286 3240 quasi
1310 3145 1357 3216 f-

174 3272 276 3346 bulae
312 3271 509 3369 argumenti
539 3271 656 3344 locum
690 3271 865 3359 obtinent,
900 3271 1013 3369 primo
1047 3280 1186 3370 aspectu
1218 3271 1356 3345 nullum

173 3401 313 3497 originis
337 3400 507 3473 indicium
532 3399 706 3471 continere
732 3398 911 3488 videntur3
938 3399 1050 3472 nescio
1075 3407 1191 3472 tamen
1216 3425 1261 3472 an
1286 3423 1356 3471 non

173 3531 270 3603 omni
300 3536 476 3602 momento
506 3535 642 3601 careant
674 3535 708 3599 et
741 3527 894 3624 aliquam
928 3536 1018 3600 certe
1051 3527 1164 3601 lucem
1201 3527 1355 3603 afferant.

173 3659 249 3732 Aut
282 3659 380 3732 fallor
412 3657 505 3730 enim
535 3665 597 3728 aut
631 3654 758 3727 similia
790 3664 872 3728 sunt
897 3656 1007 3728 verbis
1031 3655 1168 3730 Photii:
1196 3657 1291 3745 „vair
1317 3659 1357 3743 ἐξ

174 3790 387 3888 ἀνθρώπων
420 3788 475 3873 εἰς
509 3786 686 3876 ἀλλήλους
709 3790 1025 3883 μεταμορφώσεις
1051 3787 1119 3872 τοὶς
1143 3816 1182 3860 τε
1209 3792 1248 3874 ἐξ
1273 3789 1355 3863 cilo·

174 3948 252 4019 γων
285 3923 339 4004 εἰς
372 3918 597 4015 ἀνθρώπους
623 3914 850 3989 άνάηαλιν.”
879 3915 994 3995 Nimis
1018 3922 1146 3988 temere
1172 3925 1288 3989 tarnen
1314 3942 1356 3989 ex

174 4049 227 4121 his
260 4048 469 4121 coniceretur
502 4045 701 4118 Patrensem
734 4043 862 4140 Apulei
894 4043 1025 4115 fontem
1059 4043 1182 4135 firisse,
1215 4045 1243 4117 si
1268 4045 1358 4118 nihil

173 4184 345 4276 praeterea
378 4181 511 4273 praesto
544 4181 630 4246 esset
661 4196 730 4269 quo
753 4171 842 4244 illud
867 4171 1038 4244 iudicium
1062 4171 1256 4245 confirmari
1281 4198 1356 4271 pos-

173 4314 241 4393 set;
263 4315 378 4378 atvero
398 4304 578 4400 utriusque
599 4300 709 4374 verbis
722 4299 926 4397 comparatis
939 4306 1086 4372 statuere
1098 4299 1177 4372 licet
1189 4298 1355 4373 Photium
1423 4322 1429 4334 ·

172 4435 209 4506 in
234 4434 305 4505 fine
331 4431 520 4505 testimonii
543 4431 597 4503 sui
622 4429 733 4503 verbis
758 4428 870 4502 citatis
894 4428 1063 4501 rettulisse
1090 4429 1190 4502 verba
1213 4429 1356 4529 abipso
