3082 4988
751 396 796 466 65

191 584 437 674 φαινομένων
467 583 536 654 καὶ
571 592 794 680 στεναγμῶν
820 569 1126 677 ἐξακουομένων,
1155 584 1206 667 ὡς
1231 595 1272 657 οἱ
1293 612 1363 656 πα-

184 716 285 806 τέρες
311 713 419 801 ἡμῶν
443 710 614 808 λέγουσι,
640 712 712 796 τοὶς
738 714 859 810 θύρας
885 708 1277 808 ἀνῳκοδόμησαν
1297 721 1361 786 τοῦ

183 844 429 938 πυριατηρίου
443 867 449 879 ·

232 968 299 1041 Pro
324 966 708 1066 ἀνῳκοδόμησαν
734 972 824 1068 legas
850 969 1250 1068 ἀνῳκοδόμησαν.

737 1183 803 1257 ΙΧ.

231 1370 363 1444 Iniuria
401 1373 651 1447 contenderunt
688 1373 848 1447 nonnulli
882 1372 1071 1470 Apuleium
1104 1373 1141 1445 in
1175 1374 1363 1447 Metamor-

185 1497 335 1594 phoseon
361 1499 475 1572 Libris
501 1501 671 1597 quaedam
699 1503 742 1574 de
768 1528 829 1574 sua
853 1499 961 1597 ipsius
986 1499 1055 1572 vita
1081 1500 1271 1575 tradidisse.

748 1711 795 1785 X.

231 1855 337 1953 Apul.
363 1856 508 1930 Metam.
536 1859 564 1932 l.
593 1863 624 1932 2.

231 1983 463 2070 „Thessaliam
502 1985 566 2086 [—
591 2012 673 2059 nam
707 1996 741 2059 et
773 1987 843 2059 illic
869 1984 1009 2080 originis
1033 1991 1207 2056 maternae
1231 1990 1365 2055 nostrae

123 2146 126 2153 ·
188 2110 415 2187 fundamento
444 2141 465 2186 a
489 2115 674 2188 Plutarcho
698 2115 759 2187 illo
782 2114 902 2187 inclito
927 2138 967 2185 ac
991 2137 1071 2184 mox
1094 2112 1195 2184 Sexto
1219 2109 1364 2209 philoso-

179 2237 247 2336 pho
280 2251 404 2338 nepote
441 2243 513 2315 eius
547 2244 683 2341 prodita
716 2244 861 2340 gloriam
894 2240 994 2314 nobis
1026 2242 1158 2313 faciunt
1189 2237 1253 2338 —]
1285 2262 1362 2310 eam

156 2355 159 2361 ’
183 2365 393 2440 Thessaliam
417 2393 457 2441 ex
483 2371 620 2467 negotio
645 2370 840 2468 petebam.''

228 2494 410 2568 Emblema
434 2498 569 2570 uncinis
593 2498 767 2573 inclusum
792 2497 987 2572 eiciendum
1012 2507 1072 2572 est.

614 2740 618 2750 ’
733 2708 798 2784 XI.

226 2876 348 2953 Horat.
376 2880 489 2956 Carm.
517 2884 580 2972 IV,
606 2891 649 2972 4,
678 2889 742 2959 15:

393 3011 583 3087 Qualemve
608 3012 705 3086 laetis
731 3039 851 3110 caprea
877 3012 1009 3109 pascuis

396 3139 536 3212 Intenta
562 3140 674 3213 fulvae
699 3142 818 3214 matris
844 3140 888 3213 ab
914 3140 1018 3213 ubere

490 3269 566 3340 Iam
591 3268 677 3341 lacte
702 3268 887 3368 depulsum
913 3268 1048 3340 leonem

539 3396 653 3468 Dente
677 3421 764 3468 nova
789 3395 941 3493 peritura
969 3396 1074 3471 vidit:

225 3525 310 3599 Pro:
336 3527 405 3596 iam
431 3526 519 3596 lacte
532 3526 712 3620 'denudum
738 3524 885 3621 corrigas
911 3524 1060 3596 lactante
1084 3526 1117 3600 d.

722 3734 807 3810 ΧΠ.

223 3921 352 3997 Lucan.
379 3924 529 4000 Pharsal.
555 3923 616 3998 IV.
644 3929 736 4001 4132

531 4110 649 4143 ......
676 4053 846 4151 spoliabat
872 4057 1026 4153 gramine
1051 4080 1214 4154 campum

321 4183 470 4270 ,‚Mr'les,
496 4190 531 4253 et
555 4188 690 4255 attonso
713 4181 844 4255 miseris
869 4183 941 4256 iam
966 4184 1128 4258 dentibus
1153 4211 1232 4259 arvo

320 4309 541 4397 „Oastmrum
567 4310 668 4382 siccas
693 4308 737 4381 de
759 4311 885 4409 cespite
911 4311 1058 4385 vulserat
1085 4312 1241 4390 herbas.''

223 4433 306 4533 Leg.
334 4439 459 4514 Malus.
