<?xml version="1.0" encoding="UTF-8"?>
<!DOCTYPE html PUBLIC "-//W3C//DTD XHTML 1.0 Transitional//EN"
    "http://www.w3.org/TR/xhtml1/DTD/xhtml1-transitional.dtd">
<html xmlns="http://www.w3.org/1999/xhtml" xml:lang="en" lang="en">
 <head>
  <title>
</title>
<meta http-equiv="Content-Type" content="text/html;charset=utf-8" />
  <meta name='ocr-system' content='tesseract 3.04.00' />
  <meta name='ocr-capabilities' content='ocr_page ocr_carea ocr_par ocr_line ocrx_word'/>
</head>
<body>
  <div class='ocr_page' id='page_1' title='image "./derationequaees00deegoog_0032.png"; bbox 0 0 3082 4988; ppageno 0'>
   <div class='ocr_carea' id='block_1_1' title="bbox 718 401 763 471">
    <p class='ocr_par' dir='ltr' id='par_1_1' title="bbox 718 401 763 471">
     <span class='ocr_line' id='line_1_1' title="bbox 718 401 763 471; baseline 0.022 -1"><span class='ocrx_word' id='word_1_1' title='bbox 718 401 763 471; x_wconf 80' lang='lat'><strong>27</strong></span> 
     </span>
    </p>
   </div>
   <div class='ocr_carea' id='block_1_2' title="bbox 147 584 1341 1451">
    <p class='ocr_par' dir='ltr' id='par_1_2' title="bbox 147 584 1341 1451">
     <span class='ocr_line' id='line_1_2' title="bbox 149 584 1339 686; baseline 0.002 -28"><span class='ocrx_word' id='word_1_2' title='bbox 149 585 177 658; x_wconf 88' lang='lat' dir='ltr'><strong>si</strong></span> <span class='ocrx_word' id='word_1_3' title='bbox 212 584 383 682; x_wconf 86' lang='lat' dir='ltr'><strong>Apuleius</strong></span> <span class='ocrx_word' id='word_1_4' title='bbox 411 584 521 681; x_wconf 88' lang='lat' dir='ltr'><strong>magis</strong></span> <span class='ocrx_word' id='word_1_5' title='bbox 545 591 587 658; x_wconf 92' lang='lat' dir='ltr'><strong>ut</strong></span> <span class='ocrx_word' id='word_1_6' title='bbox 611 586 750 682; x_wconf 89' lang='lat' dir='ltr'><strong>ingenio</strong></span> <span class='ocrx_word' id='word_1_7' title='bbox 774 613 837 660; x_wconf 89' lang='lat' dir='ltr'><strong>suo</strong></span> <span class='ocrx_word' id='word_1_8' title='bbox 861 588 1042 686; x_wconf 78' lang='lat' dir='ltr'>indulgeat</span> <span class='ocrx_word' id='word_1_9' title='bbox 1063 605 1173 686; x_wconf 86' lang='lat' dir='ltr'><strong>&#39;quam</strong></span> <span class='ocrx_word' id='word_1_10' title='bbox 1198 594 1238 660; x_wconf 86' lang='lat' dir='ltr'><strong>ut</strong></span> <span class='ocrx_word' id='word_1_11' title='bbox 1263 611 1339 661; x_wconf 91' lang='lat' dir='ltr'><strong>nar·</strong></span> 
     </span>
     <span class='ocr_line' id='line_1_3' title="bbox 147 711 1339 813; baseline 0.002 -27"><span class='ocrx_word' id='word_1_12' title='bbox 147 715 317 786; x_wconf 87' lang='lat' dir='ltr'><strong>rationem</strong></span> <span class='ocrx_word' id='word_1_13' title='bbox 349 711 535 809; x_wconf 87' lang='lat' dir='ltr'><strong>producat,</strong></span> <span class='ocrx_word' id='word_1_14' title='bbox 571 713 615 786; x_wconf 98' lang='lat' dir='ltr'><strong>ad</strong></span> <span class='ocrx_word' id='word_1_15' title='bbox 648 714 800 810; x_wconf 87' lang='lat' dir='ltr'><strong>singulas</strong></span> <span class='ocrx_word' id='word_1_16' title='bbox 825 741 877 788; x_wconf 89' lang='lat' dir='ltr'><strong>res</strong></span> <span class='ocrx_word' id='word_1_17' title='bbox 903 717 1002 812; x_wconf 85' lang='lat' dir='ltr'>quasi</span> <span class='ocrx_word' id='word_1_18' title='bbox 1028 715 1263 813; x_wconf 88' lang='lat' dir='ltr'><strong>depingendas</strong></span> <span class='ocrx_word' id='word_1_19' title='bbox 1289 714 1339 787; x_wconf 92' lang='lat' dir='ltr'><strong>di·</strong></span> 
     </span>
     <span class='ocr_line' id='line_1_4' title="bbox 147 840 1340 939; baseline 0.003 -28"><span class='ocrx_word' id='word_1_20' title='bbox 147 840 326 936; x_wconf 89' lang='lat' dir='ltr'><strong>greditur,</strong></span> <span class='ocrx_word' id='word_1_21' title='bbox 360 866 498 913; x_wconf 90' lang='lat' dir='ltr'><strong>summa</strong></span> <span class='ocrx_word' id='word_1_22' title='bbox 531 840 670 914; x_wconf 90' lang='lat' dir='ltr'><strong>dicendi</strong></span> <span class='ocrx_word' id='word_1_23' title='bbox 702 843 800 939; x_wconf 90' lang='lat' dir='ltr'><strong>copia</strong></span> <span class='ocrx_word' id='word_1_24' title='bbox 830 851 864 916; x_wconf 92' lang='lat' dir='ltr'><strong>et</strong></span> <span class='ocrx_word' id='word_1_25' title='bbox 889 842 1103 915; x_wconf 85' lang='lat' dir='ltr'><strong>affectatione</strong></span> <span class='ocrx_word' id='word_1_26' title='bbox 1128 841 1246 917; x_wconf 88' lang='lat' dir='ltr'><strong>usus.&#39;&#39;</strong></span> <span class='ocrx_word' id='word_1_27' title='bbox 1269 842 1340 933; x_wconf 83' lang='lat' dir='ltr'><strong>(Sic</strong></span> 
     </span>
     <span class='ocr_line' id='line_1_5' title="bbox 148 967 1338 1072; baseline 0.003 -33"><span class='ocrx_word' id='word_1_28' title='bbox 148 967 208 1042; x_wconf 96' lang='lat' dir='ltr'><strong>lib.</strong></span> <span class='ocrx_word' id='word_1_29' title='bbox 256 969 293 1040; x_wconf 91' lang='grc' dir='ltr'>Π</span> <span class='ocrx_word' id='word_1_30' title='bbox 311 1062 319 1072; x_wconf 32' lang='lat'><strong>·</strong></span> <span class='ocrx_word' id='word_1_31' title='bbox 337 970 483 1041; x_wconf 88' lang='lat' dir='ltr'><strong>summis</strong></span> <span class='ocrx_word' id='word_1_32' title='bbox 528 969 692 1042; x_wconf 84' lang='lat' dir='ltr'><strong>laudibus</strong></span> <span class='ocrx_word' id='word_1_33' title='bbox 728 971 909 1068; x_wconf 88' lang='lat' dir='ltr'><strong>verbisque</strong></span> <span class='ocrx_word' id='word_1_34' title='bbox 945 971 1135 1067; x_wconf 80' lang='lat' dir='ltr'><strong>grandibus</strong></span> <span class='ocrx_word' id='word_1_35' title='bbox 1173 970 1338 1068; x_wconf 82' lang='lat' dir='ltr'><strong>capillum</strong></span> 
     </span>
     <span class='ocr_line' id='line_1_6' title="bbox 149 1096 1340 1195; baseline 0.001 -28"><span class='ocrx_word' id='word_1_36' title='bbox 149 1096 300 1184; x_wconf 79' lang='lat' dir='ltr'><strong>extollit,</strong></span> <span class='ocrx_word' id='word_1_37' title='bbox 327 1103 362 1168; x_wconf 94' lang='lat' dir='ltr'><strong>et</strong></span> <span class='ocrx_word' id='word_1_38' title='bbox 385 1096 507 1169; x_wconf 90' lang='lat' dir='ltr'><strong>eodem</strong></span> <span class='ocrx_word' id='word_1_39' title='bbox 533 1097 621 1169; x_wconf 90' lang='lat' dir='ltr'><strong>libro</strong></span> <span class='ocrx_word' id='word_1_40' title='bbox 647 1122 773 1194; x_wconf 92' lang='lat' dir='ltr'><strong>magna</strong></span> <span class='ocrx_word' id='word_1_41' title='bbox 797 1097 1014 1195; x_wconf 78' lang='lat' dir='ltr'><strong>eloquentiae</strong></span> <span class='ocrx_word' id='word_1_42' title='bbox 1035 1098 1192 1171; x_wconf 89' lang='lat' dir='ltr'><strong>ubertate</strong></span> <span class='ocrx_word' id='word_1_43' title='bbox 1205 1098 1340 1170; x_wconf 92' lang='lat' dir='ltr'><strong>Dianae</strong></span> 
     </span>
     <span class='ocr_line' id='line_1_7' title="bbox 150 1223 1341 1321; baseline -0.001 -24"><span class='ocrx_word' id='word_1_44' title='bbox 150 1248 361 1297; x_wconf 86' lang='lat' dir='ltr'><strong>marmoreae</strong></span> <span class='ocrx_word' id='word_1_45' title='bbox 398 1223 695 1321; x_wconf 89' lang='lat' dir='ltr'><strong>pulchritudinem</strong></span> <span class='ocrx_word' id='word_1_46' title='bbox 733 1226 920 1316; x_wconf 82' lang='lat' dir='ltr'><strong>describit).</strong></span> <span class='ocrx_word' id='word_1_47' title='bbox 957 1227 1065 1298; x_wconf 81' lang='lat' dir='ltr'><strong>Juxta</strong></span> <span class='ocrx_word' id='word_1_48' title='bbox 1096 1226 1180 1299; x_wconf 87' lang='lat' dir='ltr'><strong>haee</strong></span> <span class='ocrx_word' id='word_1_49' title='bbox 1208 1225 1341 1297; x_wconf 85' lang='lat' dir='ltr'><strong>addita·</strong></span> 
     </span>
     <span class='ocr_line' id='line_1_8' title="bbox 151 1350 1340 1451; baseline 0.002 -29"><span class='ocrx_word' id='word_1_50' title='bbox 151 1359 268 1423; x_wconf 87' lang='lat' dir='ltr'><strong>menta</strong></span> <span class='ocrx_word' id='word_1_51' title='bbox 303 1350 425 1424; x_wconf 91' lang='lat' dir='ltr'><strong>Knaut</strong></span> <span class='ocrx_word' id='word_1_52' title='bbox 458 1359 548 1424; x_wconf 88' lang='lat' dir='ltr'><strong>recte</strong></span> <span class='ocrx_word' id='word_1_53' title='bbox 583 1354 724 1448; x_wconf 89' lang='lat' dir='ltr'><strong>agnovit</strong></span> <span class='ocrx_word' id='word_1_54' title='bbox 752 1355 842 1426; x_wconf 91' lang='lat' dir='ltr'><strong>locos</strong></span> <span class='ocrx_word' id='word_1_55' title='bbox 866 1353 1153 1443; x_wconf 88' lang='lat' dir='ltr'><strong>innumerabiles,</strong></span> <span class='ocrx_word' id='word_1_56' title='bbox 1180 1355 1242 1451; x_wconf 87' lang='lat' dir='ltr'><strong>qui</strong></span> <span class='ocrx_word' id='word_1_57' title='bbox 1266 1361 1340 1425; x_wconf 87' lang='lat' dir='ltr'><strong>tarn</strong></span> 
     </span>
    </p>
   </div>
   <div class='ocr_carea' id='block_1_3' title="bbox 14 1478 1343 1575">
    <p class='ocr_par' dir='ltr' id='par_1_3' title="bbox 14 1478 1343 1575">
     <span class='ocr_line' id='line_1_9' title="bbox 14 1478 1343 1575; baseline 0.002 -26"><span class='ocrx_word' id='word_1_58' title='bbox 14 1558 16 1561; x_wconf 43' lang='grc'>,</span> <span class='ocrx_word' id='word_1_59' title='bbox 150 1478 282 1550; x_wconf 90' lang='lat' dir='ltr'><strong>concise</strong></span> <span class='ocrx_word' id='word_1_60' title='bbox 320 1478 440 1575; x_wconf 88' lang='lat' dir='ltr'><strong>scripti</strong></span> <span class='ocrx_word' id='word_1_61' title='bbox 476 1487 557 1551; x_wconf 87' lang='lat' dir='ltr'><strong>sunt</strong></span> <span class='ocrx_word' id='word_1_62' title='bbox 594 1486 635 1552; x_wconf 93' lang='lat' dir='ltr'><strong>ut</strong></span> <span class='ocrx_word' id='word_1_63' title='bbox 671 1479 716 1552; x_wconf 96' lang='lat' dir='ltr'><strong>ad</strong></span> <span class='ocrx_word' id='word_1_64' title='bbox 753 1480 928 1553; x_wconf 90' lang='lat' dir='ltr'><strong>diversum</strong></span> <span class='ocrx_word' id='word_1_65' title='bbox 965 1489 1141 1553; x_wconf 83' lang='lat' dir='ltr'><strong>auctorem</strong></span> <span class='ocrx_word' id='word_1_66' title='bbox 1174 1480 1343 1553; x_wconf 82' lang='lat' dir='ltr'><strong>referendi</strong></span> 
     </span>
    </p>
   </div>
   <div class='ocr_carea' id='block_1_4' title="bbox 150 1605 1385 4523">
    <p class='ocr_par' dir='ltr' id='par_1_4' title="bbox 150 1605 1385 3497">
     <span class='ocr_line' id='line_1_10' title="bbox 150 1605 1343 1704; baseline 0.002 -26"><span class='ocrx_word' id='word_1_67' title='bbox 150 1606 343 1679; x_wconf 87' lang='lat' dir='ltr'><strong>videantur.</strong></span> <span class='ocrx_word' id='word_1_68' title='bbox 365 1605 630 1704; x_wconf 84' lang='lat' dir='ltr'><strong>Comparatione</strong></span> <span class='ocrx_word' id='word_1_69' title='bbox 652 1616 769 1679; x_wconf 89' lang='lat' dir='ltr'><strong>autem</strong></span> <span class='ocrx_word' id='word_1_70' title='bbox 791 1633 872 1680; x_wconf 89' lang='lat' dir='ltr'><strong>cum</strong></span> <span class='ocrx_word' id='word_1_71' title='bbox 894 1607 1040 1681; x_wconf 85' lang='lat' dir='ltr'><strong>Luciani</strong></span> <span class='ocrx_word' id='word_1_72' title='bbox 1052 1608 1169 1681; x_wconf 91' lang='lat' dir='ltr'><strong>libello</strong></span> <span class='ocrx_word' id='word_1_73' title='bbox 1181 1609 1343 1681; x_wconf 92' lang='lat' dir='ltr'><strong>instituta</strong></span> 
     </span>
     <span class='ocr_line' id='line_1_11' title="bbox 152 1733 1343 1831; baseline 0.003 -27"><span class='ocrx_word' id='word_1_74' title='bbox 152 1733 276 1805; x_wconf 90' lang='lat' dir='ltr'><strong>Knaut</strong></span> <span class='ocrx_word' id='word_1_75' title='bbox 304 1733 484 1806; x_wconf 86' lang='lat' dir='ltr'><strong>contendit</strong></span> <span class='ocrx_word' id='word_1_76' title='bbox 508 1733 699 1831; x_wconf 90' lang='lat' dir='ltr'><strong>Apuleium</strong></span> <span class='ocrx_word' id='word_1_77' title='bbox 724 1735 821 1808; x_wconf 88' lang='lat' dir='ltr'><strong>nulla</strong></span> <span class='ocrx_word' id='word_1_78' title='bbox 846 1735 913 1808; x_wconf 90' lang='lat' dir='ltr'><strong>alia</strong></span> <span class='ocrx_word' id='word_1_79' title='bbox 939 1736 982 1808; x_wconf 91' lang='lat' dir='ltr'><strong>de</strong></span> <span class='ocrx_word' id='word_1_80' title='bbox 1007 1761 1109 1808; x_wconf 89' lang='lat' dir='ltr'><strong>eausa</strong></span> <span class='ocrx_word' id='word_1_81' title='bbox 1133 1735 1179 1808; x_wconf 91' lang='lat' dir='ltr'><strong>ad</strong></span> <span class='ocrx_word' id='word_1_82' title='bbox 1203 1736 1268 1809; x_wconf 91' lang='lat' dir='ltr'><strong>hoe</strong></span> <span class='ocrx_word' id='word_1_83' title='bbox 1292 1736 1343 1808; x_wconf 93' lang='lat' dir='ltr'><strong>di·</strong></span> 
     </span>
     <span class='ocr_line' id='line_1_12' title="bbox 152 1861 1341 1961; baseline 0.001 -27"><span class='ocrx_word' id='word_1_84' title='bbox 152 1861 254 1934; x_wconf 91' lang='lat' dir='ltr'><strong>cendi</strong></span> <span class='ocrx_word' id='word_1_85' title='bbox 277 1885 386 1957; x_wconf 90' lang='lat' dir='ltr'><strong>genus</strong></span> <span class='ocrx_word' id='word_1_86' title='bbox 408 1861 622 1935; x_wconf 83' lang='lat' dir='ltr'><strong>descendisse</strong></span> <span class='ocrx_word' id='word_1_87' title='bbox 644 1863 734 1951; x_wconf 88' lang='lat' dir='ltr'><strong>„nisi</strong></span> <span class='ocrx_word' id='word_1_88' title='bbox 755 1864 849 1959; x_wconf 96' lang='lat' dir='ltr'><strong>quod</strong></span> <span class='ocrx_word' id='word_1_89' title='bbox 859 1863 1027 1937; x_wconf 88' lang='lat' dir='ltr'><strong>Luciani’&#39;</strong></span> <span class='ocrx_word' id='word_1_90' title='bbox 1041 1871 1137 1954; x_wconf 86' lang='lat' dir='ltr'><strong>(narn</strong></span> <span class='ocrx_word' id='word_1_91' title='bbox 1149 1864 1341 1961; x_wconf 91' lang='lat' dir='ltr'><strong>genuinum</strong></span> 
     </span>
     <span class='ocr_line' id='line_1_13' title="bbox 152 1969 1346 2087; baseline 0 -25"><span class='ocrx_word' id='word_1_92' title='bbox 152 1969 299 2062; x_wconf 89' lang='lat' dir='ltr'><strong>Luciani</strong></span> <span class='ocrx_word' id='word_1_93' title='bbox 323 2013 410 2087; x_wconf 91' lang='lat' dir='ltr'><strong>opus</strong></span> <span class='ocrx_word' id='word_1_94' title='bbox 437 1988 547 2079; x_wconf 86' lang='lat' dir='ltr'><strong>ducit)</strong></span> <span class='ocrx_word' id='word_1_95' title='bbox 572 1991 698 2079; x_wconf 90' lang='lat' dir='ltr'><strong>„verba</strong></span> <span class='ocrx_word' id='word_1_96' title='bbox 719 1991 757 2063; x_wconf 91' lang='lat' dir='ltr'><strong>in</strong></span> <span class='ocrx_word' id='word_1_97' title='bbox 778 1991 946 2064; x_wconf 90' lang='lat' dir='ltr'><strong>Latinum</strong></span> <span class='ocrx_word' id='word_1_98' title='bbox 968 2001 1116 2064; x_wconf 88' lang='lat' dir='ltr'><strong>verteret</strong></span> <span class='ocrx_word' id='word_1_99' title='bbox 1129 1990 1346 2064; x_wconf 90' lang='lat' dir='ltr'><strong>sermonem&#39;&#39;</strong></span> 
     </span>
     <span class='ocr_line' id='line_1_14' title="bbox 154 2102 1385 2217; baseline 0.002 -29"><span class='ocrx_word' id='word_1_100' title='bbox 154 2117 335 2208; x_wconf 91' lang='lat' dir='ltr'><strong>(nonnulla</strong></span> <span class='ocrx_word' id='word_1_101' title='bbox 368 2117 525 2215; x_wconf 91' lang='lat' dir='ltr'><strong>exempla</strong></span> <span class='ocrx_word' id='word_1_102' title='bbox 558 2117 721 2214; x_wconf 86' lang='lat' dir='ltr'><strong>collegit).</strong></span> <span class='ocrx_word' id='word_1_103' title='bbox 757 2102 903 2191; x_wconf 87' lang='lat' dir='ltr'><strong>Accedit</strong></span> <span class='ocrx_word' id='word_1_104' title='bbox 936 2119 1031 2217; x_wconf 95' lang='lat' dir='ltr'><strong>quod</strong></span> <span class='ocrx_word' id='word_1_105' title='bbox 1056 2144 1346 2216; x_wconf 83' lang='lat' dir='ltr'><strong>„nonnumquam</strong></span> <span class='ocrx_word' id='word_1_106' title='bbox 1383 2178 1385 2182; x_wconf 15' lang='grc' dir='ltr'><em>Α</em></span> 
     </span>
     <span class='ocr_line' id='line_1_15' title="bbox 153 2244 1385 2350; baseline 0.001 -33"><span class='ocrx_word' id='word_1_107' title='bbox 153 2270 224 2318; x_wconf 90' lang='lat' dir='ltr'><strong>non</strong></span> <span class='ocrx_word' id='word_1_108' title='bbox 258 2244 375 2318; x_wconf 92' lang='lat' dir='ltr'><strong>minus</strong></span> <span class='ocrx_word' id='word_1_109' title='bbox 410 2246 558 2318; x_wconf 87' lang='lat' dir='ltr'><strong>breviter</strong></span> <span class='ocrx_word' id='word_1_110' title='bbox 583 2256 618 2318; x_wconf 92' lang='lat' dir='ltr'><strong>et</strong></span> <span class='ocrx_word' id='word_1_111' title='bbox 643 2247 790 2319; x_wconf 84' lang='lat' dir='ltr'><strong>strictim</strong></span> <span class='ocrx_word' id='word_1_112' title='bbox 817 2247 986 2344; x_wconf 91' lang='lat' dir='ltr'><strong>Apuleius</strong></span> <span class='ocrx_word' id='word_1_113' title='bbox 1011 2272 1064 2319; x_wconf 91' lang='lat' dir='ltr'><strong>res</strong></span> <span class='ocrx_word' id='word_1_114' title='bbox 1089 2247 1190 2320; x_wconf 85' lang='lat' dir='ltr'><strong>refert</strong></span> <span class='ocrx_word' id='word_1_115' title='bbox 1216 2273 1348 2344; x_wconf 90' lang='lat' dir='ltr'><strong>quasa</strong></span> <span class='ocrx_word' id='word_1_116' title='bbox 1383 2346 1385 2350; x_wconf 42' lang='lat'><strong>.</strong></span> 
     </span>
     <span class='ocr_line' id='line_1_16' title="bbox 153 2362 1348 2472; baseline 0.001 -26"><span class='ocrx_word' id='word_1_117' title='bbox 153 2373 309 2447; x_wconf 86' lang='lat' dir='ltr'><strong>Lucieno</strong></span> <span class='ocrx_word' id='word_1_118' title='bbox 346 2399 416 2446; x_wconf 92' lang='lat' dir='ltr'><strong>non</strong></span> <span class='ocrx_word' id='word_1_119' title='bbox 453 2399 525 2446; x_wconf 90' lang='lat' dir='ltr'><strong>esse</strong></span> <span class='ocrx_word' id='word_1_120' title='bbox 562 2374 687 2472; x_wconf 91' lang='lat' dir='ltr'><strong>petitas</strong></span> <span class='ocrx_word' id='word_1_121' title='bbox 720 2382 871 2463; x_wconf 89' lang='lat' dir='ltr'><strong>constat,</strong></span> <span class='ocrx_word' id='word_1_122' title='bbox 907 2400 988 2447; x_wconf 90' lang='lat' dir='ltr'><strong>cum</strong></span> <span class='ocrx_word' id='word_1_123' title='bbox 1023 2375 1117 2472; x_wconf 90' lang='lat' dir='ltr'><strong>apud</strong></span> <span class='ocrx_word' id='word_1_124' title='bbox 1150 2375 1244 2447; x_wconf 91' lang='lat' dir='ltr'><strong>hunc</strong></span> <span class='ocrx_word' id='word_1_125' title='bbox 1276 2362 1348 2447; x_wconf 89' lang='lat' dir='ltr'><strong>non</strong></span> 
     </span>
     <span class='ocr_line' id='line_1_17' title="bbox 154 2501 1347 2607; baseline 0 -33"><span class='ocrx_word' id='word_1_126' title='bbox 154 2501 410 2574; x_wconf 90' lang='lat' dir='ltr'><strong>inveniantur.&#39;&#39;</strong></span> <span class='ocrx_word' id='word_1_127' title='bbox 440 2502 513 2607; x_wconf 87' lang='lat' dir='ltr'><strong>„At</strong></span> <span class='ocrx_word' id='word_1_128' title='bbox 533 2502 628 2575; x_wconf 91' lang='lat' dir='ltr'><strong>unde</strong></span> <span class='ocrx_word' id='word_1_129' title='bbox 647 2502 706 2575; x_wconf 90' lang='lat' dir='ltr'><strong>illa</strong></span> <span class='ocrx_word' id='word_1_130' title='bbox 727 2503 852 2600; x_wconf 78' lang='lat' dir='ltr'><strong>petiit?</strong></span> <span class='ocrx_word' id='word_1_131' title='bbox 865 2504 896 2576; x_wconf 85' lang='lat' dir='ltr'>A</span> <span class='ocrx_word' id='word_1_132' title='bbox 911 2503 1019 2576; x_wconf 88' lang='lat' dir='ltr'><strong>Lucio</strong></span> <span class='ocrx_word' id='word_1_133' title='bbox 1033 2503 1207 2592; x_wconf 85' lang='lat' dir='ltr'><strong>Patrensi,</strong></span> <span class='ocrx_word' id='word_1_134' title='bbox 1221 2528 1347 2600; x_wconf 92' lang='lat' dir='ltr'><strong>quem,</strong></span> 
     </span>
     <span class='ocr_line' id='line_1_18' title="bbox 156 2629 1349 2733; baseline 0.001 -31"><span class='ocrx_word' id='word_1_135' title='bbox 156 2629 314 2728; x_wconf 92' lang='lat' dir='ltr'><strong>quamvis</strong></span> <span class='ocrx_word' id='word_1_136' title='bbox 347 2655 434 2727; x_wconf 90' lang='lat' dir='ltr'><strong>opus</strong></span> <span class='ocrx_word' id='word_1_137' title='bbox 467 2630 541 2703; x_wconf 91' lang='lat' dir='ltr'><strong>eius</strong></span> <span class='ocrx_word' id='word_1_138' title='bbox 573 2629 618 2702; x_wconf 93' lang='lat' dir='ltr'><strong>ad</strong></span> <span class='ocrx_word' id='word_1_139' title='bbox 651 2630 741 2702; x_wconf 92' lang='lat' dir='ltr'><strong>hanc</strong></span> <span class='ocrx_word' id='word_1_140' title='bbox 773 2639 920 2703; x_wconf 87' lang='lat' dir='ltr'><strong>aetatem</strong></span> <span class='ocrx_word' id='word_1_141' title='bbox 946 2656 1017 2703; x_wconf 93' lang='lat' dir='ltr'><strong>non</strong></span> <span class='ocrx_word' id='word_1_142' title='bbox 1042 2631 1252 2733; x_wconf 87' lang='lat' dir='ltr'><strong>pervenerit,</strong></span> <span class='ocrx_word' id='word_1_143' title='bbox 1279 2656 1349 2703; x_wconf 92' lang='lat' dir='ltr'><strong>non</strong></span> 
     </span>
     <span class='ocr_line' id='line_1_19' title="bbox 156 2757 1350 2857; baseline -0.002 -25"><span class='ocrx_word' id='word_1_144' title='bbox 156 2759 263 2832; x_wconf 89' lang='lat' dir='ltr'><strong>semel</strong></span> <span class='ocrx_word' id='word_1_145' title='bbox 286 2758 331 2830; x_wconf 91' lang='lat' dir='ltr'><strong>ab</strong></span> <span class='ocrx_word' id='word_1_146' title='bbox 352 2758 526 2854; x_wconf 92' lang='lat' dir='ltr'><strong>Appuleio</strong></span> <span class='ocrx_word' id='word_1_147' title='bbox 547 2758 774 2857; x_wconf 89' lang='lat' dir='ltr'><strong>compilatum</strong></span> <span class='ocrx_word' id='word_1_148' title='bbox 795 2784 866 2831; x_wconf 92' lang='lat' dir='ltr'><strong>esse</strong></span> <span class='ocrx_word' id='word_1_149' title='bbox 878 2757 1229 2832; x_wconf 89' lang='lat' dir='ltr'><strong>demonstrabimus.&#39;&#39;</strong></span> <span class='ocrx_word' id='word_1_150' title='bbox 1244 2757 1350 2830; x_wconf 91' lang='lat' dir='ltr'><strong>Hisce</strong></span> 
     </span>
     <span class='ocr_line' id='line_1_20' title="bbox 156 2885 1348 2984; baseline 0 -26"><span class='ocrx_word' id='word_1_151' title='bbox 156 2886 238 2959; x_wconf 87' lang='lat' dir='ltr'><strong>locis</strong></span> <span class='ocrx_word' id='word_1_152' title='bbox 270 2885 432 2983; x_wconf 90' lang='lat' dir='ltr'><strong>inspectis</strong></span> <span class='ocrx_word' id='word_1_153' title='bbox 465 2887 740 2984; x_wconf 90' lang='lat' dir='ltr'><strong>comparatisque</strong></span> <span class='ocrx_word' id='word_1_154' title='bbox 765 2912 847 2959; x_wconf 89' lang='lat' dir='ltr'><strong>curn</strong></span> <span class='ocrx_word' id='word_1_155' title='bbox 873 2886 984 2959; x_wconf 90' lang='lat' dir='ltr'><strong>verbis</strong></span> <span class='ocrx_word' id='word_1_156' title='bbox 1010 2894 1045 2958; x_wconf 93' lang='lat' dir='ltr'><strong>et</strong></span> <span class='ocrx_word' id='word_1_157' title='bbox 1071 2886 1173 2958; x_wconf 89' lang='lat' dir='ltr'><strong>rebus</strong></span> <span class='ocrx_word' id='word_1_158' title='bbox 1199 2887 1348 2983; x_wconf 91' lang='lat' dir='ltr'><strong>quaein</strong></span> 
     </span>
     <span class='ocr_line' id='line_1_21' title="bbox 157 3014 1351 3110; baseline -0.001 -23"><span class='ocrx_word' id='word_1_159' title='bbox 157 3014 324 3087; x_wconf 76' lang='lat' dir='ltr'><strong>*Luciani</strong></span> <span class='ocrx_word' id='word_1_160' title='bbox 357 3014 474 3086; x_wconf 93' lang='lat' dir='ltr'><strong>libello</strong></span> <span class='ocrx_word' id='word_1_161' title='bbox 507 3014 732 3086; x_wconf 90' lang='lat' dir='ltr'><strong>inveniuntur</strong></span> <span class='ocrx_word' id='word_1_162' title='bbox 762 3015 885 3087; x_wconf 90' lang='lat' dir='ltr'><strong>Knaut</strong></span> <span class='ocrx_word' id='word_1_163' title='bbox 910 3014 1049 3110; x_wconf 84' lang='lat' dir='ltr'><strong>collegit</strong></span> <span class='ocrx_word' id='word_1_164' title='bbox 1075 3040 1194 3102; x_wconf 90' lang='lat' dir='ltr'><strong>„eum</strong></span> <span class='ocrx_word' id='word_1_165' title='bbox 1221 3014 1351 3086; x_wconf 93' lang='lat' dir='ltr'><strong>libel·</strong></span> 
     </span>
     <span class='ocr_line' id='line_1_22' title="bbox 158 3141 1350 3239; baseline -0.002 -24"><span class='ocrx_word' id='word_1_166' title='bbox 158 3143 270 3232; x_wconf 94' lang='lat' dir='ltr'><strong>lum,</strong></span> <span class='ocrx_word' id='word_1_167' title='bbox 305 3142 383 3239; x_wconf 94' lang='lat' dir='ltr'><strong>qui</strong></span> <span class='ocrx_word' id='word_1_168' title='bbox 416 3141 541 3214; x_wconf 91' lang='lat' dir='ltr'><strong>inter</strong></span> <span class='ocrx_word' id='word_1_169' title='bbox 575 3141 833 3215; x_wconf 89' lang='lat' dir='ltr'><strong>Lucianeos</strong></span> <span class='ocrx_word' id='word_1_170' title='bbox 861 3141 954 3237; x_wconf 92' lang='lat' dir='ltr'><strong>legi</strong></span> <span class='ocrx_word' id='word_1_171' title='bbox 980 3142 1149 3229; x_wconf 90' lang='lat' dir='ltr'><strong>soleat,</strong></span> <span class='ocrx_word' id='word_1_172' title='bbox 1175 3142 1350 3213; x_wconf 90' lang='lat' dir='ltr'><strong>fontem</strong></span> 
     </span>
     <span class='ocr_line' id='line_1_23' title="bbox 159 3248 1348 3366; baseline -0.003 -22"><span class='ocrx_word' id='word_1_173' title='bbox 159 3296 255 3344; x_wconf 89' lang='lat' dir='ltr'><strong>esse</strong></span> <span class='ocrx_word' id='word_1_174' title='bbox 281 3271 507 3343; x_wconf 88' lang='lat' dir='ltr'><strong>librorum</strong></span> <span class='ocrx_word' id='word_1_175' title='bbox 534 3297 554 3342; x_wconf 90' lang='lat' dir='ltr'><strong>a</strong></span> <span class='ocrx_word' id='word_1_176' title='bbox 578 3269 720 3342; x_wconf 89' lang='lat' dir='ltr'><strong>Lucio</strong></span> <span class='ocrx_word' id='word_1_177' title='bbox 742 3248 948 3342; x_wconf 85' lang='lat' dir='ltr'><strong>Patrensi</strong></span> <span class='ocrx_word' id='word_1_178' title='bbox 974 3277 1015 3342; x_wconf 91' lang='lat' dir='ltr'><strong>et</strong></span> <span class='ocrx_word' id='word_1_179' title='bbox 1040 3276 1146 3366; x_wconf 91' lang='lat' dir='ltr'><strong>post</strong></span> <span class='ocrx_word' id='word_1_180' title='bbox 1173 3294 1271 3340; x_wconf 93' lang='lat' dir='ltr'><strong>eum</strong></span> <span class='ocrx_word' id='word_1_181' title='bbox 1296 3268 1348 3342; x_wconf 95' lang='lat' dir='ltr'><strong>ab</strong></span> 
     </span>
     <span class='ocr_line' id='line_1_24' title="bbox 159 3395 818 3497; baseline -0.005 -25"><span class='ocrx_word' id='word_1_182' title='bbox 159 3398 395 3497; x_wconf 90' lang='lat' dir='ltr'><strong>Appuleio</strong></span> <span class='ocrx_word' id='word_1_183' title='bbox 421 3395 818 3497; x_wconf 90' lang='lat' dir='ltr'><strong>compositorum.&#39;’</strong></span> 
     </span>
    </p>

    <p class='ocr_par' dir='ltr' id='par_1_5' title="bbox 160 3525 1355 4523">
     <span class='ocr_line' id='line_1_25' title="bbox 208 3525 1349 3625; baseline 0 -26"><span class='ocrx_word' id='word_1_184' title='bbox 208 3527 343 3600; x_wconf 90' lang='lat' dir='ltr'><strong>Knauti</strong></span> <span class='ocrx_word' id='word_1_185' title='bbox 368 3551 484 3599; x_wconf 89' lang='lat' dir='ltr'><strong>rerum</strong></span> <span class='ocrx_word' id='word_1_186' title='bbox 509 3527 675 3625; x_wconf 90' lang='lat' dir='ltr'><strong>expositio</strong></span> <span class='ocrx_word' id='word_1_187' title='bbox 701 3551 763 3623; x_wconf 90' lang='lat' dir='ltr'><strong>pro</strong></span> <span class='ocrx_word' id='word_1_188' title='bbox 787 3526 1017 3599; x_wconf 87' lang='lat' dir='ltr'><strong>fundamento</strong></span> <span class='ocrx_word' id='word_1_189' title='bbox 1042 3525 1110 3598; x_wconf 86' lang='lat' dir='ltr'><strong>fuit</strong></span> <span class='ocrx_word' id='word_1_190' title='bbox 1130 3533 1349 3622; x_wconf 86' lang='lat' dir='ltr'><strong>argumenta-</strong></span> 
     </span>
     <span class='ocr_line' id='line_1_26' title="bbox 160 3653 1349 3752; baseline -0.003 -24"><span class='ocrx_word' id='word_1_191' title='bbox 160 3656 247 3728; x_wconf 91' lang='lat' dir='ltr'><strong>tioni</strong></span> <span class='ocrx_word' id='word_1_192' title='bbox 280 3680 387 3752; x_wconf 89' lang='lat' dir='ltr'><strong>quam</strong></span> <span class='ocrx_word' id='word_1_193' title='bbox 414 3655 660 3727; x_wconf 78' lang='lat' dir='ltr'><strong>Gonnmonna</strong></span> <span class='ocrx_word' id='word_1_194' title='bbox 688 3654 771 3745; x_wconf 87' lang='lat' dir='ltr'><strong>(vid.</strong></span> <span class='ocrx_word' id='word_1_195' title='bbox 800 3681 833 3752; x_wconf 93' lang='lat' dir='ltr'><strong>p.</strong></span> <span class='ocrx_word' id='word_1_196' title='bbox 862 3657 921 3744; x_wconf 86' lang='grc'><strong>10)</strong></span> <span class='ocrx_word' id='word_1_197' title='bbox 949 3653 1074 3727; x_wconf 89' lang='lat' dir='ltr'><strong>deinde</strong></span> <span class='ocrx_word' id='word_1_198' title='bbox 1100 3654 1212 3726; x_wconf 91' lang='lat' dir='ltr'><strong>multo</strong></span> <span class='ocrx_word' id='word_1_199' title='bbox 1235 3653 1349 3751; x_wconf 89' lang='lat' dir='ltr'><strong>eopio-</strong></span> 
     </span>
     <span class='ocr_line' id='line_1_27' title="bbox 161 3781 1351 3880; baseline -0.003 -23"><span class='ocrx_word' id='word_1_200' title='bbox 161 3785 231 3858; x_wconf 91' lang='lat' dir='ltr'><strong>sius</strong></span> <span class='ocrx_word' id='word_1_201' title='bbox 254 3782 297 3855; x_wconf 94' lang='lat' dir='ltr'><strong>de</strong></span> <span class='ocrx_word' id='word_1_202' title='bbox 323 3783 523 3878; x_wconf 89' lang='lat' dir='ltr'><strong>quaestione</strong></span> <span class='ocrx_word' id='word_1_203' title='bbox 547 3790 664 3855; x_wconf 89' lang='lat' dir='ltr'><strong>nostra</strong></span> <span class='ocrx_word' id='word_1_204' title='bbox 688 3782 817 3871; x_wconf 90' lang='lat' dir='ltr'><strong>edidit,</strong></span> <span class='ocrx_word' id='word_1_205' title='bbox 846 3782 908 3880; x_wconf 91' lang='lat' dir='ltr'><strong>qui</strong></span> <span class='ocrx_word' id='word_1_206' title='bbox 933 3782 1065 3880; x_wconf 88' lang='lat' dir='ltr'><strong>etipse</strong></span> <span class='ocrx_word' id='word_1_207' title='bbox 1090 3781 1172 3854; x_wconf 91' lang='lat' dir='ltr'><strong>locis</strong></span> <span class='ocrx_word' id='word_1_208' title='bbox 1197 3807 1351 3855; x_wconf 89' lang='lat' dir='ltr'><strong>eommu-</strong></span> 
     </span>
     <span class='ocr_line' id='line_1_28' title="bbox 160 3910 1352 4010; baseline -0.003 -25"><span class='ocrx_word' id='word_1_209' title='bbox 160 3912 265 3985; x_wconf 90' lang='lat' dir='ltr'><strong>nibus</strong></span> <span class='ocrx_word' id='word_1_210' title='bbox 301 3911 457 4010; x_wconf 88' lang='lat' dir='ltr'><strong>sepositis</strong></span> <span class='ocrx_word' id='word_1_211' title='bbox 494 3911 626 3983; x_wconf 87' lang='lat' dir='ltr'><strong>diversa</strong></span> <span class='ocrx_word' id='word_1_212' title='bbox 662 3935 788 4006; x_wconf 88' lang='lat' dir='ltr'><strong>genera</strong></span> <span class='ocrx_word' id='word_1_213' title='bbox 824 3910 1144 3983; x_wconf 88' lang='lat' dir='ltr'><strong>additamentorum</strong></span> <span class='ocrx_word' id='word_1_214' title='bbox 1177 3910 1352 4006; x_wconf 85' lang='lat' dir='ltr'><strong>agnovisse</strong></span> 
     </span>
     <span class='ocr_line' id='line_1_29' title="bbox 161 4037 1353 4136; baseline -0.003 -23"><span class='ocrx_word' id='word_1_215' title='bbox 161 4040 228 4113; x_wconf 86' lang='lat' dir='ltr'><strong>sibi</strong></span> <span class='ocrx_word' id='word_1_216' title='bbox 264 4038 420 4127; x_wconf 88' lang='lat' dir='ltr'><strong>videtur,</strong></span> <span class='ocrx_word' id='word_1_217' title='bbox 458 4063 569 4111; x_wconf 91' lang='lat' dir='ltr'><strong>unum</strong></span> <span class='ocrx_word' id='word_1_218' title='bbox 604 4063 725 4112; x_wconf 90' lang='lat' dir='ltr'><strong>eorum</strong></span> <span class='ocrx_word' id='word_1_219' title='bbox 751 4064 840 4136; x_wconf 88' lang='lat' dir='ltr'><strong>quae</strong></span> <span class='ocrx_word' id='word_1_220' title='bbox 864 4037 956 4111; x_wconf 87' lang='lat' dir='ltr'><strong>facili</strong></span> <span class='ocrx_word' id='word_1_221' title='bbox 980 4038 1119 4134; x_wconf 91' lang='lat' dir='ltr'><strong>negotio</strong></span> <span class='ocrx_word' id='word_1_222' title='bbox 1145 4063 1164 4110; x_wconf 99' lang='lat' dir='ltr'><strong>e</strong></span> <span class='ocrx_word' id='word_1_223' title='bbox 1190 4045 1353 4109; x_wconf 88' lang='lat' dir='ltr'><strong>contextu</strong></span> 
     </span>
     <span class='ocr_line' id='line_1_30' title="bbox 161 4165 1353 4264; baseline -0.004 -23"><span class='ocrx_word' id='word_1_224' title='bbox 161 4175 387 4242; x_wconf 88' lang='lat' dir='ltr'><strong>amoveantur</strong></span> <span class='ocrx_word' id='word_1_225' title='bbox 411 4192 524 4263; x_wconf 89' lang='lat' dir='ltr'><strong>neque</strong></span> <span class='ocrx_word' id='word_1_226' title='bbox 549 4166 743 4264; x_wconf 91' lang='lat' dir='ltr'><strong>quidquam</strong></span> <span class='ocrx_word' id='word_1_227' title='bbox 769 4166 814 4238; x_wconf 90' lang='lat' dir='ltr'><strong>ad</strong></span> <span class='ocrx_word' id='word_1_228' title='bbox 839 4165 938 4239; x_wconf 86' lang='lat' dir='ltr'><strong>Lucii</strong></span> <span class='ocrx_word' id='word_1_229' title='bbox 960 4191 1058 4239; x_wconf 89' lang='lat' dir='ltr'><strong>casus</strong></span> <span class='ocrx_word' id='word_1_230' title='bbox 1079 4166 1274 4263; x_wconf 88' lang='lat' dir='ltr'><strong>pertineant</strong></span> <span class='ocrx_word' id='word_1_231' title='bbox 1294 4165 1353 4256; x_wconf 92' lang='lat' dir='ltr'><strong>(ci-</strong></span> 
     </span>
     <span class='ocr_line' id='line_1_31' title="bbox 162 4292 1353 4393; baseline -0.003 -24"><span class='ocrx_word' id='word_1_232' title='bbox 162 4304 283 4370; x_wconf 89' lang='lat' dir='ltr'><strong>tantur</strong></span> <span class='ocrx_word' id='word_1_233' title='bbox 310 4295 427 4369; x_wconf 85' lang='lat' dir='ltr'><strong>fabula</strong></span> <span class='ocrx_word' id='word_1_234' title='bbox 462 4294 614 4393; x_wconf 89' lang='lat' dir='ltr'><strong>Psychae</strong></span> <span class='ocrx_word' id='word_1_235' title='bbox 639 4303 674 4367; x_wconf 93' lang='lat' dir='ltr'><strong>et</strong></span> <span class='ocrx_word' id='word_1_236' title='bbox 698 4294 901 4392; x_wconf 80' lang='lat' dir='ltr'><strong>Cupidinis,</strong></span> <span class='ocrx_word' id='word_1_237' title='bbox 927 4294 987 4366; x_wconf 90' lang='lat' dir='ltr'><strong>illa</strong></span> <span class='ocrx_word' id='word_1_238' title='bbox 1011 4293 1054 4366; x_wconf 95' lang='lat' dir='ltr'><strong>de</strong></span> <span class='ocrx_word' id='word_1_239' title='bbox 1077 4293 1147 4365; x_wconf 89' lang='lat' dir='ltr'><strong>fide</strong></span> <span class='ocrx_word' id='word_1_240' title='bbox 1172 4292 1353 4381; x_wconf 84' lang='lat' dir='ltr'><strong>Charitae,</strong></span> 
     </span>
     <span class='ocr_line' id='line_1_32' title="bbox 163 4420 1355 4523; baseline -0.002 -26"><span class='ocrx_word' id='word_1_241' title='bbox 163 4423 274 4516; x_wconf 89' lang='lat' dir='ltr'><strong>aliae),</strong></span> <span class='ocrx_word' id='word_1_242' title='bbox 309 4425 457 4498; x_wconf 87' lang='lat' dir='ltr'><strong>alterum</strong></span> <span class='ocrx_word' id='word_1_243' title='bbox 487 4449 606 4497; x_wconf 90' lang='lat' dir='ltr'><strong>earum</strong></span> <span class='ocrx_word' id='word_1_244' title='bbox 632 4423 826 4496; x_wconf 86' lang='lat' dir='ltr'><strong>fabularum</strong></span> <span class='ocrx_word' id='word_1_245' title='bbox 850 4447 939 4519; x_wconf 87' lang='lat' dir='ltr'><strong>quae</strong></span> <span class='ocrx_word' id='word_1_246' title='bbox 964 4420 1216 4495; x_wconf 89' lang='lat' dir='ltr'><strong>necessitudine</strong></span> <span class='ocrx_word' id='word_1_247' title='bbox 1238 4421 1355 4523; x_wconf 92' lang='lat' dir='ltr'><strong>aliqua</strong></span> 
     </span>
    </p>
   </div>
   <div class='ocr_carea' id='block_1_5' title="bbox 0 0 1566 4988">
    <p class='ocr_par' dir='ltr' id='par_1_6' title="bbox 0 0 1566 4988">
     <span class='ocr_line' id='line_1_33' title="bbox 0 0 1566 4988; baseline 0 0"><span class='ocrx_word' id='word_1_248' title='bbox 0 0 1566 4988; x_wconf 95' lang='lat' dir='ltr'><strong> </strong></span> 
     </span>
    </p>
   </div>
  </div>
 </body>
</html>
