3082 4988
705 365 798 434 ad

179 551 302 624 unicus
328 551 424 640 fons,
452 550 546 623 unde
570 549 687 646 aliqua
711 548 818 647 possit
843 548 973 622 hauriri
992 549 1115 624 notitia
1136 550 1180 623 de
1200 550 1371 626 *Luciani

174 703 256 750 cum
283 675 392 751 Lucio
413 676 635 773 cognatione,
658 685 708 749 est
730 677 970 750 testimonium
992 677 1125 767 Photii;
1140 687 1236 777 patet
1247 687 1370 754 autem

175 806 249 879 eius
273 805 386 877 verbis
410 830 480 905 non
507 805 609 902 plane
630 803 842 878 credendum
864 829 954 893 esse,
976 804 1036 877 sed
1056 805 1184 902 partim
1204 806 1247 879 iis
1258 807 1369 882 fidem

175 933 398 1006 tribuendam
436 932 565 1030 partim
599 932 831 1006 diffidendum
865 957 945 1007 csse.
971 933 1076 1008 Quod
1103 934 1171 1007 nisi
1195 958 1258 1006 nos
1282 960 1370 1031 quo·

175 1086 244 1158 que
268 1061 432 1150 facimus,
459 1061 503 1134 ad
530 1060 677 1134 audaces
701 1059 933 1133 conclusiones
958 1060 1181 1153 deducimur,
1203 1087 1311 1159 quae,
1326 1071 1370 1138 ut

175 1214 217 1261 ex
240 1189 345 1262 nudis
368 1189 481 1261 verbis
507 1189 638 1286 possint
663 1188 757 1276 elici,
782 1197 818 1260 at
840 1188 1035 1286 probabiles
1055 1188 1154 1261 reddi
1174 1199 1367 1286 nequeunt.

174 1315 354 1414 Imprimis
379 1316 611 1388 diffidendum
636 1325 688 1395 θεῖ
712 1317 755 1389 iis
775 1341 863 1413 quae
886 1315 1050 1388 dicuntur
1071 1315 1113 1387 de
1127 1315 1326 1390 discrimine
1342 1319 1367 1408 l)

176 1444 270 1542 quod
311 1444 402 1517 inter
435 1453 621 1541 utramque
655 1443 817 1517 fabellam
851 1442 1011 1517 interest:
1046 1443 1130 1515 haec
1164 1444 1258 1516 enim
1290 1443 1368 1543 ipso

175 1571 331 1646 Lucieno
370 1579 518 1645 testante
544 1580 726 1669 tamquam
751 1571 877 1645 falsum
904 1570 1076 1644 iudicium
1102 1571 1226 1644 reicere
1250 1596 1368 1670 possu-

175 1726 264 1776 mus.
310 1699 390 1773 Una
434 1707 573 1773 tantum
610 1725 662 1772 res
701 1707 753 1772 est
789 1724 859 1797 qua
896 1699 986 1771 inter
1023 1723 1057 1770 se
1093 1698 1231 1773 fabulae
1269 1699 1366 1773 diffe-

174 1837 276 1918 runt,
302 1828 477 1901 ambitum
502 1827 597 1919 dico;
624 1853 714 1927 quae
739 1829 833 1901 enim
858 1827 1030 1901 Patrensis
1054 1827 1222 1916 narravit,
1243 1827 1366 1900 eadem

174 1960 212 2031 in
237 1958 345 2031 Asino
369 1958 552 2052 leguntur,
577 1957 695 2029 sedin
715 1965 830 2029 artum
848 1964 1032 2030 contracta.
1055 1956 1185 2029 Asinus
1206 1954 1282 2044 ille,
1303 1955 1367 2052 qui

175 2088 240 2161 sub
274 2087 415 2159 nomine
447 2085 594 2158 Luciani
626 2085 726 2158 nobis
755 2085 903 2159 traditus
929 2094 998 2173 est,
1023 2085 1113 2157 nihil
1136 2094 1188 2157 est
1211 2083 1278 2156 nisi
1302 2109 1366 2157 ex·

175 2223 334 2313 oerptu
345 2240 380 2287 m
406 2214 518 2311 operis
544 2204 736 2301 Patrensis;
750 2214 787 2286 id
801 2213 897 2311 quod
910 2213 1041 2311 optime
1055 2222 1198 2310 apparet
1210 2238 1252 2286 ex
1264 2213 1367 2285 tertia

176 2342 502 2440 Metamorphoseon
528 2341 647 2414 fabula
671 2341 716 2414 ab
742 2341 891 2439 Apuleio
913 2342 1048 2440 scripta.
1076 2342 1175 2416 Quae
1197 2340 1307 2438 qualis
1321 2341 1368 2413 sit

176 2497 353 2569 quamque
393 2471 635 2567 cognationem
676 2495 758 2543 cum
799 2470 989 2543 ceterarum
1031 2479 1177 2567 utraque
1219 2469 1366 2559 habeut,

176 2600 247 2673 iam
274 2624 368 2672 nunc
393 2599 658 2674 consideremus.

175 2761 362 2770 .----..

215 2834 243 2909 1)
263 2835 305 2891 of.
324 2853 388 2906 pag.
408 2837 453 2892 60.
557 2870 559 2874 -
