3082 4988
762 397 805 466 21

238 583 361 679 Neque
395 583 433 655 in
457 608 497 655 eo
523 591 605 655 sunt
630 582 757 656 omnia.
792 582 906 658 Quale
930 607 1009 654 vero
1033 605 1143 678 genus
1168 589 1255 654 esset
1280 607 1376 679 paro·

187 712 264 785 diae
285 711 408 799 ''Ortog
432 712 491 786 ille
516 712 755 786 *LucianeusP
780 711 1017 785 Recordemur
1040 710 1197 784 fabulam
1218 710 1307 784 hanc
1327 721 1376 784 at·

186 840 295 913 tribui
327 839 482 913 Luciano
515 839 585 928 illi,
611 847 793 913 emunctae
817 840 909 912 naris
933 839 1086 926 homini,
1113 838 1175 935 qui
1200 840 1376 935 quomodo

185 967 326 1040 irridere
353 968 505 1066 potuerit
527 975 698 1041 testantur
711 967 1054 1065 ἈληθὴςἼστορία
1067 976 1102 1039 et
1116 967 1374 1059 Φιλοψευδής,

185 1121 272 1193 quas
296 1095 506 1168 narrationes
531 1096 760 1193 lepidissimas
785 1105 820 1168 et
845 1096 1044 1169 salsissimas
1070 1120 1274 1193 componere
1294 1121 1375 1168 cum

185 1223 294 1296 Asino
310 1228 334 1314 ¹)
360 1223 419 1295 illo
445 1222 626 1312 mutilat0,
654 1224 781 1296 rustico
807 1231 912 1321 atque
937 1223 1050 1295 omnis
1077 1223 1219 1320 pudoris
1243 1225 1375 1322 experti

185 1353 262 1449 quis
288 1351 480 1425 sustineat?
508 1353 735 1448 Quamquam
760 1353 854 1423 enim
879 1351 998 1447 negari
1019 1376 1089 1423 non
1110 1360 1223 1448 potest
1235 1351 1292 1425 hic
1304 1351 1375 1424 iilic

183 1480 318 1553 lumina
353 1479 526 1576 quaedam
552 1479 684 1575 ingenii
708 1479 869 1568 inveniri,
896 1488 1014 1551 tamen
1038 1504 1113 1551 rara
1139 1487 1219 1550 sunt
1246 1486 1281 1550 et
1306 1504 1374 1551 sae·

182 1608 262 1707 pius
285 1608 590 1706 interrumpuntur
611 1607 692 1680 locis
712 1607 846 1703 frigidis
869 1606 1108 1703 molestisque,
1123 1606 1252 1703 quibus
1264 1631 1374 1703 aequo

182 1735 300 1808 animo
320 1760 506 1808 careamus.
530 1735 659 1808 Miram
682 1734 833 1833 profecto
853 1733 1000 1832 ironiam
1021 1733 1252 1822 Lucianeam,
1266 1758 1374 1830 quam

182 1887 284 1935 nemo
309 1871 443 1960 praeter
470 1886 580 1935 unum
605 1862 793 1935 Rohdeum
819 1861 977 1957 detegere
1003 1861 1172 1959 potuerit!
1195 1862 1294 1933 Num
1307 1861 1373 1933 sin·

181 1990 310 2086 gularis
343 1989 403 2063 illa
436 1990 573 2063 iocandi
607 1991 751 2063 facultas
786 1998 871 2063 tunc
903 1987 1104 2087 praesertim
1136 1987 1331 2062 Lucianum
1345 1993 1372 2080 ²)

180 2127 338 2191 nostrum
364 2117 576 2190 destituisset
601 2142 714 2215 quum
739 2143 779 2190 ea
804 2117 857 2190 vel
883 2117 1034 2189 maxime
1060 2141 1148 2214 opus
1173 2118 1292 2189 esset?
1347 2134 1350 2139 ’

229 2247 343 2323 Quale
376 2270 477 2342 porro
509 2245 598 2317 illud
630 2270 739 2342 genus
767 2246 928 2344 parodiae
954 2254 1023 2333 est,
1051 2243 1283 2316 narrationem
1308 2242 1370 2314 ali·

179 2400 288 2472 quam
322 2373 447 2447 iisdem
484 2373 596 2447 verbis
635 2374 827 2471 eademque
852 2372 1100 2471 compositione
1125 2370 1274 2443 fideliter
1297 2369 1372 2441 red·

180 2503 278 2590 dere,
312 2502 379 2574 hoc
403 2526 474 2574 uno
500 2501 697 2574 discrimine
723 2508 763 2574 ut
789 2501 851 2599 qui
875 2500 996 2573 fuisset
1022 2499 1177 2574 ambitus
1201 2485 1246 2570 ad
1271 2497 1373 2569 dimi·

180 2631 280 2703 dium
326 2631 533 2704 reducatur?
580 2630 617 2703 Si
662 2628 762 2702 nobis
806 2630 1035 2702 affirmaretur
1070 2652 1160 2699 nova
1197 2625 1370 2723 quaedam

179 2759 313 2832 adiecta
345 2783 431 2847 esse,
467 2759 505 2831 in
542 2758 596 2830 his
627 2757 749 2830 saltem
774 2757 967 2831 irrisionem
991 2757 1096 2829 latere
1117 2754 1215 2828 facile
1237 2754 1368 2826 conice·

177 2913 311 2976 remus;
339 2887 398 2959 sed
423 2911 536 2983 neque
560 2885 597 2958 in
621 2885 729 2958 Asino
753 2885 924 2957 eiusmodi
948 2884 1229 2957 additamentum
1253 2881 1370 2980 depre-

178 3015 343 3088 henditur
376 3039 490 3111 neque
522 3014 669 3086 Photius
700 3012 808 3085 ullam
848 3012 921 3085 eius
945 3012 995 3084 rei
1020 3011 1234 3083 mentionem
1259 3008 1368 3081 inicit.

177 3141 297 3238 Longe
330 3141 430 3214 aliter
463 3166 515 3214 res
541 3166 576 3213 se
604 3140 747 3213 haberet
774 3139 802 3212 si
828 3139 1023 3213 *Lucienus
1047 3139 1085 3210 in
1110 3137 1248 3210 fabulae
1274 3161 1368 3209 com·

215 3361 244 3437 1)
262 3362 416 3418 Videamus
435 3363 518 3418 modo
536 3362 717 3432 adquantom
728 3361 876 3418 audaciam
889 3360 1038 3430 confugere
1048 3359 1152 3415 debeat
1162 3358 1211 3430 qui
1221 3357 1367 3428 parodiam

176 3453 250 3507 tueri
270 3453 353 3517 velit;
374 3453 472 3509 Rohde
491 3454 521 3508 in
539 3453 636 3508 libello
656 3470 740 3522 supra
759 3451 848 3508 citato
867 3470 895 3522 p.
916 3452 949 3504 ll
969 3451 1038 3506 haec
1055 3449 1367 3506 dicit:›Erverkr”rrzte

175 3543 234 3597 also
263 3543 309 3597 die
338 3543 521 3614 Darstellung
547 3562 595 3598 um
620 3542 665 3598 die
684 3542 790 3597 narare.
811 3541 921 3597 Sodann
943 3542 1010 3596 aber
1028 3542 1135 3596 konnte
1155 3557 1199 3608 er,
1221 3539 1317 3594 indem
1337 3557 1367 3594 ar

175 3633 214 3687 im
240 3633 452 3690 Wesontliohen
480 3635 534 3690 den
564 3633 646 3705 Gang
675 3634 724 3688 der
749 3633 910 3703 Erzdhlung
929 3632 1098 3698 beibehielt‚
1119 3632 1182 3687 sehr
1202 3631 1293 3698 wohl,
1313 3631 1366 3686 wie

175 3722 220 3777 ein
239 3722 417 3794 geschiekter
436 3725 583 3793 Zeichnar,
603 3725 657 3780 mit
674 3724 786 3780 klcinen
804 3723 930 3778 scharfen
948 3722 1076 3778 Strichen
1095 3721 1139 3776 die
1149 3721 1366 3792 physiognomia

175 3814 222 3868 des
252 3812 364 3868 Ganzen
394 3831 444 3869 aus
469 3815 545 3870 einer
563 3815 702 3870 ernsthoft
720 3812 882 3869 feierliohen
903 3814 932 3867 in
952 3812 1013 3867 eine
1033 3811 1199 3867 sohelmisch
1219 3811 1366 3867 lochalnde

173 3902 381 3958 rerwondeln.”
410 3934 443 3944 —
475 3903 597 3959 Haecine
626 3903 714 3974 igitur
742 3903 841 3958 cadere
869 3903 981 3958 videtur
1009 3902 1039 3956 in
1064 3918 1127 3956 eum
1147 3901 1196 3972 qni
1213 3901 1365 3972 imaginem

173 4010 341 4065 exaggerare
363 3995 448 4062 velit,
469 3998 502 4050 ot
519 3995 690 4051 lineamenta
710 3993 881 4074 contrahat?
901 3995 990 4048 lmmo
1010 3992 1143 4048 extendet
1163 3996 1192 4048 et
1210 3993 1365 4062 amplifica-

172 4084 216 4139 bit
235 4084 329 4140 omnia
348 4101 421 4154 quae
440 4084 470 4138 in
490 4101 523 4140 ea
542 4085 681 4140 invenerit
700 4084 835 4155 insigniat
857 4085 919 4141 Non
940 4087 984 4140 est
1003 4102 1052 4139 cur
1073 4083 1161 4139 faciat
1178 4082 1283 4154 pariter
1300 4100 1363 4137 cum

172 4178 254 4244 patre
274 4175 325 4230 illo
341 4175 391 4244 qui
406 4177 551 4230 strabonem
572 4194 652 4230 sunm
670 4186 775 4248 paetum
795 4175 972 4246 appellabat,
994 4174 1042 4229 sed
1061 4173 1156 4244 potius
1173 4174 1298 4228 camelum
1315 4190 1364 4227 vo·

172 4265 249 4320 cabit
268 4282 351 4334 quern
372 4266 458 4321 ceteri
474 4268 606 4336 qibberum
626 4267 732 4322 dicant.

210 4354 240 4429 2)
260 4355 336 4411 Haec
354 4374 411 4412 non
431 4357 600 4428 negligenda
620 4361 687 4413 sunt
703 4361 868 4429 argumenta
877 4356 1069 4412 indicantibus
1080 4359 1175 4412 utrum
1185 4361 1257 4421 “orer
1267 4355 1365 4413 fabula

173 4443 312 4500 Lucianea
332 4446 369 4501 sit
388 4463 486 4503 necne.
