3082 4988
752 376 797 445 23

179 585 260 633 suae
300 559 424 632 Rohde
448 559 583 657 'petivit
619 585 660 633 ex
694 561 807 634 verbis
841 560 974 636 Photii:
1003 564 1079 648 „dg
1104 561 1181 634 dno
1206 562 1368 648 πλάτους

178 699 254 762 τῶν
279 691 448 762 Λουκίου
476 688 598 786 λόγων
626 689 647 762 ὁ
674 690 898 774 Λουκιανὸς
923 689 1186 775 αἀολεατύνας
1212 693 1281 765 ναὶ
1308 720 1368 765 ns·

178 817 308 914 ριελὼν
341 818 415 889 ὅσα
448 818 502 910 μὴ
534 814 656 891 ἐδόκει
689 820 791 914 αὐτῷ
816 819 907 916 πρὸς
931 819 999 890 τὸν
1022 818 1168 893 οἰκεῖον
1191 827 1368 916 χρήσιμα

178 946 341 1020 σκοπὸν.
359 1005 365 1019 .
383 1004 414 1018 ..
451 942 558 1032 etc.;'’
594 945 654 1017 sed
688 945 717 1018 si
750 970 921 1042 umquam
955 946 1185 1036 dubitassem,
1217 948 1368 1045 profecto

176 1074 266 1147 illud
310 1073 427 1171 „noda
464 1074 533 1146 τὸν
574 1074 719 1147 οἰκεῖον
762 1073 927 1147 σκοπὸν”
959 1098 1062 1146 omne
1096 1074 1184 1147 mihi
1217 1074 1368 1148 dubium

178 1201 380 1276 sustulisset.
407 1201 506 1274 Num
531 1201 697 1290 Photius,
725 1201 789 1274 hoc
810 1201 914 1273 verbo
934 1201 1040 1273 semel
1052 1201 1165 1290 edito,
1179 1201 1368 1276 dubitavis-
1409 1264 1412 1269 ,

178 1336 229 1401 set
260 1328 361 1402 illum
395 1331 541 1405 σκοπὸν
572 1329 765 1402 accuratius
798 1329 961 1417 definire,
995 1329 1024 1400 si
1056 1329 1109 1401 vel
1142 1329 1312 1403 levissima
1336 1331 1368 1403 ei

176 1456 296 1529 fnisset
328 1458 476 1555 suspicio
507 1458 546 1530 id
581 1457 688 1553 egisse
721 1455 917 1529 Lucianum
951 1463 992 1529 ut
1025 1455 1141 1554 ipsum
1167 1456 1368 1530 Patrensem

176 1585 407 1658 deridendum
433 1587 632 1684 propinaret
656 1583 867 1658 lectoribus?

225 1714 340 1785 Immo
366 1713 430 1786 hoo
453 1714 598 1786 verbum
625 1719 773 1787 testatur
798 1738 867 1784 non
892 1713 929 1785 id
954 1713 1059 1785 fuisse
1085 1713 1268 1786 consilium
1290 1739 1367 1787 auc·

176 1840 259 1913 toris
292 1840 402 1915 Asini.
438 1841 544 1916 Quod
578 1840 607 1913 si
640 1840 778 1927 fnisset,
814 1848 848 1912 et
882 1839 1027 1913 Photius
1060 1840 1097 1912 id
1122 1841 1366 1939 perspexisset,

175 1967 315 2065 opinor,
341 1978 376 2041 et
401 1967 466 2040 hoc
491 1967 565 2040 loco
589 1992 651 2040 nos
676 1967 857 2040 docuisset.
884 1966 1070 2039 Silentium
1095 1967 1203 2063 igitur
1223 1993 1285 2065 pro
1304 1977 1367 2041 tes·

174 2095 320 2167 timonio
357 2103 409 2167 est
446 2093 613 2169 Photium
650 2121 720 2168 non
758 2103 831 2168 tam
868 2118 970 2189 grave
1007 2095 1223 2193 propositum
1258 2097 1367 2171 Asino

175 2222 369 2296 *Lucisneo
395 2223 607 2312 attribuisse3
635 2223 722 2321 quid
744 2248 823 2296 vero
848 2223 1009 2321 opinatus
1033 2223 1096 2311 sit,
1124 2225 1204 2296 satis
1225 2233 1367 2322 apparet

175 2374 217 2422 ex
241 2350 406 2448 proximis
431 2351 504 2423 eius
530 2351 661 2441 verbis,
689 2351 752 2425 ubi
778 2351 1035 2436 απολεατύνας
1061 2351 1233 2424 Patrensis
1253 2378 1367 2428 narra·

174 2478 305 2550 tionem
330 2477 527 2554 *Lucienus
550 2479 706 2553 fabulam
731 2480 961 2578 composuisse
988 2480 1116 2552 dicitur
1136 2503 1250 2576 neque
1270 2480 1367 2554 aliud

175 2605 369 2702 quidquam
393 2606 460 2679 nisi
485 2615 749 2706 excerptum
776 2607 893 2680 fecisse
907 2607 944 2698 ¹).

223 2733 370 2824 Photius
393 2734 595 2823 consilium,
624 2735 720 2832 quod
745 2742 978 2832 excerptorem
1004 2742 1162 2808 secutum
1184 2762 1255 2809 esse
1267 2746 1367 2834 puta·

175 2860 251 2949 bat,
286 2861 378 2936 hisce
407 2863 520 2936 verbis
541 2864 724 2939 indicavit:
754 2867 895 2961 „donec
920 2866 961 2937 ἐν
986 2877 1070 2948 τοῖς
1096 2865 1225 2950 ἄλλοις
1250 2863 1366 2938 δεισι-

175 2986 387 3080 δαιμονίαν
413 2990 604 3090 διασύρων
619 3052 626 3066 .
644 3052 650 3066 .
667 3049 699 3067 ..
727 2991 828 3065 κτλ.”
856 2992 968 3089 Supra
993 2992 1145 3065 vidimus
1165 3018 1246 3066 eum
1265 2992 1367 3065 Asini

174 3117 374 3215 scriptorem
405 3119 510 3192 nimis
547 3120 664 3215 magni
698 3119 835 3207 fecisse,
870 3128 905 3191 et
931 3119 1070 3193 nullum
1095 3120 1132 3192 in
1158 3118 1221 3192 hac
1248 3119 1367 3192 fabula

173 3244 289 3319 locum
323 3247 507 3319 monstrari
542 3272 638 3345 posse
674 3270 744 3342 quo
778 3246 975 3344 superstitio
1001 3246 1152 3319 ludibrio
1177 3246 1363 3336 habeatur;

172 3372 248 3445 iure
269 3397 349 3469 ergo
371 3373 577 3446 contendere
598 3398 781 3471 possumus
802 3373 891 3446 nihil
903 3373 1115 3446 commisisse
1127 3373 1364 3463 *Lucianum,

173 3525 243 3596 quo
271 3501 443 3574 iudicium
477 3502 572 3599 qnod
604 3502 717 3574 verbis
752 3505 792 3576 ὡ.
820 3504 848 3576 s'.
875 3532 905 3576 τ.
934 3501 969 3576 ol.
997 3501 1193 3575 continetur
1220 3526 1364 3575 merere-

173 3635 246 3716 tur3
271 3627 361 3700 nihil
384 3629 478 3702 enim
504 3629 617 3702 estin
642 3630 751 3703 Asino
776 3629 1096 3727 pseudo-Lucianeo
1121 3629 1215 3726 quod
1235 3629 1364 3702 indicio

173 3779 244 3827 esse
276 3757 384 3854 possit
417 3758 617 3857 scriptorem
650 3758 688 3831 id
715 3758 823 3855 egisse
848 3767 889 3831 ut
914 3758 1113 3855 aequalium
1139 3782 1281 3830 suorum
1306 3783 1362 3830 su·

171 3883 388 3981 perstitiones
413 3885 595 3960 derideret.

222 4009 271 4083 Ut
308 4012 426 4111 paucis
463 4038 553 4110 quae
590 4013 705 4086 adhuc
743 4014 920 4112 disputata
958 4021 1041 4086 sunt
1073 4014 1361 4112 complectamur:

175 4217 366 4230 --·

210 4337 238 4411 1)
258 4338 374 4409 Singula
393 4339 518 4409 excerpti
537 4339 657 4410 vestigia
677 4340 784 4410 optime
804 4341 909 4396 collata
928 4343 995 4395 sunt
1014 4339 1043 4393 in
1064 4339 1162 4394 libello
1182 4338 1275 4394 Caroli
1293 4339 1363 4392 Bur·

171 4442 220 4497 ger
239 4445 324 4498 supra
343 4429 469 4485 laudato.
