3082 4988
740 385 786 457 47

222 575 351 649 Melius
384 575 536 672 profecto
561 573 779 647 Goldbacher
803 573 937 646 fecisset
961 572 990 644 si
1016 572 1132 644 locum
1159 572 1355 662 delevisset3

176 729 267 777 nunc
292 703 385 776 enim
411 727 551 775 omnem
575 702 647 775 vim
676 702 708 775 ei
731 701 872 776 ademit.
899 700 992 773 Nam
1014 701 1042 772 si
1058 724 1171 773 revera
1189 700 1359 798 Apuleius

140 909 144 920 ,
175 857 213 905 ea
239 831 341 905 verba
361 831 514 928 scripsit,
534 831 607 902 sine
630 829 738 902 dubio
759 829 1045 926 significationem
1067 828 1359 926 qualemcumque
1378 904 1379 907 ,

173 961 215 1033 iis
238 960 347 1032 inesse
373 959 500 1048 voluit;
527 967 564 1031 at
585 959 614 1031 si
634 957 895 1056 explicationem
912 956 1144 1029 Goldbaoheri
1161 956 1358 1055 probamus,

173 1087 261 1160 nihil
285 1087 440 1177 omnino
453 1087 658 1184 significant.
680 1059 718 1158 Si
737 1086 831 1158 enim
852 1109 1020 1181 magnum
1043 1084 1220 1158 Plutarchi
1231 1110 1358 1158 nomen

173 1217 326 1313 cognatis
358 1215 489 1311 ubique
524 1215 620 1287 laudi
650 1221 718 1303 est,
745 1213 831 1312 quid
857 1238 944 1311 opus
971 1221 1022 1285 est
1046 1238 1119 1286 rem
1145 1222 1217 1286 tam
1244 1214 1359 1310 exigui

174 1341 348 1440 ponderis,
382 1367 490 1439 quam
524 1340 742 1414 Goldbaoher
774 1366 816 1413 ex
848 1340 959 1413 verbis
995 1340 1144 1414 laudatis
1168 1341 1279 1430 ehoit,
1306 1367 1360 1414 ex·

156 1457 287 1569 ¹presse
311 1470 355 1542 de
379 1469 552 1543 Thessalia
577 1470 798 1568 praedicare?
823 1470 937 1542 Facile
962 1470 1070 1565 igitur
1089 1495 1245 1543 caremus
1264 1470 1360 1543 addi·
1492 1573 1494 1577 A

174 1607 328 1672 tomento
370 1605 442 1672 tam
484 1600 579 1673 inani
613 1608 647 1672 et
678 1600 817 1674 insulso.
865 1599 981 1675 Quare
1013 1625 1084 1673 non
1118 1600 1242 1673 dubito
1276 1600 1359 1673 haec

174 1727 277 1800 verba
308 1728 345 1799 in
378 1753 453 1800 eam
488 1729 695 1800 sententiam
728 1728 879 1826 accipere
917 1751 1005 1824 quae
1038 1728 1151 1801 adhuc
1177 1728 1359 1818 omnibus,

176 1855 414 1929 Goldbachero
446 1864 605 1955 excepto,
638 1855 866 1955 probabatur;
901 1855 950 1928 ita
975 1863 1016 1928 ut
1040 1856 1143 1929 verba
1169 1882 1203 1929 se
1230 1856 1360 1929 habent

176 1992 314 2056 tantum
353 1984 549 2080 significant
588 2010 727 2057 causam
763 1983 896 2056 itineris
933 1983 970 2056 in
1007 1983 1217 2057 Thessaliam
1250 1985 1359 2057 Lucio

175 2111 279 2185 fuisse
305 2112 398 2203 (licet
423 2113 616 2211 complures
642 2113 766 2185 habere
792 2112 976 2210 potuerit):
1003 2112 1173 2209 quodibi
1198 2123 1360 2211 cognatos

176 2264 210 2312 se
243 2239 455 2312 offensurum
481 2242 599 2329 sciret,
621 2241 683 2341 qui
708 2241 796 2313 siout
820 2249 855 2312 et
880 2240 953 2338 ipse
978 2266 998 2313 a
1023 2240 1209 2314 Plutarcho
1221 2241 1359 2314 oriundi

175 2366 268 2438 fama
291 2367 435 2441 illustris
460 2368 600 2465 originis
624 2368 802 2443 florebant.

225 2493 420 2568 Verborum
445 2497 488 2569 de
514 2497 642 2594 quibus
667 2497 886 2593 disputamus
911 2486 955 2570 vi
969 2505 1163 2597 perspecta,
1189 2499 1261 2571 iam
1282 2524 1359 2572 con·

177 2623 330 2695 sulamus
361 2632 558 2722 temporum
591 2626 755 2714 rationes,
787 2634 829 2698 ut
852 2650 1097 2722 cognoscamus
1122 2651 1209 2699 num
1234 2627 1357 2717 verba,

177 2751 246 2823 sive
270 2751 387 2848 spuria
410 2752 479 2825 sive
501 2754 630 2827 sincera
651 2755 739 2843 sint,
762 2754 805 2828 de
826 2755 974 2854 Apuleio
995 2757 1120 2854 scripta
1133 2782 1204 2829 esse
1216 2757 1357 2855 possint.

224 2879 353 2953 Lucius
385 2881 441 2969 II,
476 2887 497 2954 3
533 2882 659 2955 dicitur
693 2882 858 2956 educatus
883 2909 955 2957 esse
980 2910 1000 2957 a
1024 2884 1243 2982 Byrrhaena,
1270 2911 1359 2983 quae

178 3032 248 3081 una
273 3035 354 3082 cum
378 3011 490 3084 Salvia
516 3019 639 3103 (matre
662 3011 775 3104 Lucii)
798 3004 962 3106 ,familia
982 3015 1158 3086 Plutarchi
1167 3013 1357 3112 propneta''

169 3135 386 3242 perhibetur.
412 3140 489 3211 Iam
514 3140 700 3213 Salmasius
726 3140 870 3238 (Proleg.
897 3142 943 3214 ad
967 3141 1140 3233 Solinum)
1165 3142 1253 3215 vidit
1278 3142 1359 3214 huic

176 3266 392 3363 genealogiae
417 3267 541 3340 vitium
568 3269 676 3341 inesse
700 3277 734 3341 et
758 3269 808 3341 ita
828 3270 979 3367 scripsit:
999 3270 1068 3358 „In
1091 3270 1241 3342 secunda
1253 3270 1358 3342 etiam

177 3392 338 3466 »Milesia
360 3395 557 3491 Byrrhaena
578 3395 757 3494 Hypatina
777 3421 818 3468 ex
838 3395 1031 3469 Thessalico
1045 3398 1173 3495 oppido
1187 3398 1359 3470 Germana

177 3520 333 3594 »Salviae
355 3523 501 3613 dicitur,
523 3525 642 3597 matris
661 3523 782 3613 Lucii,
796 3549 901 3622 quem
914 3549 977 3623 pro
990 3524 1139 3624 Apuleio
1153 3525 1282 3597 habent
1295 3524 1359 3598 viri

177 3646 305 3722 »docti
329 3650 463 3724 Sorores
481 3661 598 3725 autem
611 3652 689 3725 illae
702 3678 744 3726 ex
755 3652 932 3726 Plutarchi
943 3653 1075 3726 familia
1088 3661 1273 3751 prognatae
1286 3678 1359 3750 per·
1451 3691 1452 3694 ¹

177 3776 375 3853 »hibentur
398 3780 478 3853 Non
498 3781 607 3878 igitur
627 3782 718 3855 filiae
739 3781 936 3870 Plutarchi,
959 3782 1018 3856 sed
1037 3807 1099 3855 nec
1113 3782 1206 3855 Sexti
1218 3782 1359 3854 fortasse
1463 3878 1466 3887 1
1515 3828 1524 3873 ;

177 3905 378 3981 »Plutarchi
403 3935 445 3982 ex
466 3935 577 3984 sorore
595 3911 740 4009 nepotis.
763 3911 897 3983 Demus
914 3911 1019 3984 fuisse
1040 3913 1139 3986 filias.
1164 3910 1236 3983 Sub
1258 3911 1375 4009 Come
1398 3920 1400 3929 '

177 4036 306 4108 »modo
317 4037 375 4110 ille
388 4039 510 4113 Sextus
522 4040 624 4114 vixit:
638 4039 710 4111 filia
722 4039 795 4112 eius
808 4040 920 4113 Salvia
933 4040 1061 4138 Apulei
1073 4049 1192 4114 mater.
1204 4038 1280 4112 Hoc
1289 4016 1382 4119 noni}
1408 4038 1419 4062 ·’

177 4165 372 4261 »procedit;
387 4167 469 4240 inde
481 4169 575 4241 enim
588 4175 787 4265 sequeretur
799 4167 901 4264 longa
914 4176 992 4266 post
1005 4168 1189 4240 Commodi
1201 4152 1375 4264 tempora

177 4293 380 4367 »emicuisse
389 4295 590 4393 Apuleium.
599 4295 710 4393 Atqui
723 4295 793 4368 iam
802 4295 995 4370 Commodo
1008 4298 1142 4370 vivente
1150 4294 1278 4394 Apulei
1291 4294 1359 4367 Mi·

177 4418 302 4492 »lesiae
319 4423 481 4497 manibus
494 4424 691 4498 terebantur
703 4423 886 4498 hominum
902 4426 1127 4516 eruditorum,
1141 4434 1181 4498 ut
1194 4425 1305 4522 liquet
1317 4449 1358 4496 ex
