3082 4988
734 349 778 422 57

167 537 228 610 sed
260 537 297 608 in
324 537 361 607 ΙΙ
385 535 481 608 libris
507 538 696 635 Apologiae
721 546 757 609 61
782 534 834 609 IV
859 537 1038 610 Floridum
1066 539 1173 612 adest.
1200 539 1357 613 Verbum

170 663 483 752 „Madaurensem”
515 689 585 736 non
619 664 717 738 166116
751 664 911 762 explicari
947 674 981 737 61
1006 665 1079 763 ipse
1104 665 1251 755 fatetur,
1277 667 1358 740 inde

169 803 305 878 tamen,
339 791 434 888 quod
465 816 567 865 nemo
593 801 804 890 expectaret,
830 792 1044 865 coniecturae
1071 818 1151 865 suae
1177 819 1358 890 argumen-

169 929 245 992 tum
280 919 378 1018 petit.
414 917 528 991 Verba
562 920 635 992 eius
668 928 771 993 sunt:
800 919 905 1007 „kam
924 980 930 992 .
947 977 954 993 .
971 978 1003 994 ..
1031 919 1087 992 die
1112 918 1231 993 schrift
1256 947 1355 1019 pseu-

170 1047 326 1144 »donym
347 1046 488 1134 heraus,
515 1072 551 1119 so
572 1047 616 1119 ist
638 1072 673 1119 es
692 1045 797 1119 leicht
809 1045 988 1118 erkldrlich
1002 1046 1079 1118 dass
1092 1046 1173 1119 dem
1187 1047 1357 1146 Apuleius

168 1174 260 1246 »viel
294 1174 399 1246 daran
433 1174 546 1270 liegen
579 1175 726 1262 konnte,
759 1173 869 1246 durch
895 1174 971 1246 eine
996 1173 1165 1270 derartige
1191 1176 1294 1249 sofort
1320 1177 1356 1249 in

168 1302 248 1374 »die
286 1302 388 1397 Auge
423 1302 571 1374 fallende
608 1302 825 1400 Andeutung
863 1302 954 1374 scine
991 1301 1151 1374 Freunde
1176 1302 1263 1376 iiber
1288 1305 1354 1376 den

166 1429 329 1502 »wahren
354 1428 528 1502 Verfasser
552 1430 611 1502 des
635 1455 748 1502 neuen
773 1431 928 1503 Romans
952 1427 1207 1503 aufnukliiren.''

215 1556 331 1629 Liceat
370 1557 433 1631 hoc
469 1558 543 1630 loco
579 1559 728 1655 ingenue
767 1559 885 1646 161611,
923 1583 1118 1655 numquam
1156 1584 1212 1630 me
1249 1558 1354 1630 talem

167 1683 382 1782 „anonyme”
419 1683 589 1757 scribendi
613 1685 781 1757 rationem
808 1685 862 1757 vel
886 1686 1037 1782 potuisse
1064 1685 1238 1783 suspicari.
1266 1685 1354 1760 Quis

167 1813 260 1884 enim
294 1811 453 1909 scriptor,
488 1812 550 1909 qui
574 1811 721 1900 librum,
750 1838 794 1885 66
818 1823 937 1885 auctor
962 1813 1035 1910 ipse
1059 1820 1258 1910 putaretur,
1283 1812 1355 1885 sine

166 1940 305 2012 nomine
339 1939 468 2027 edidit,
498 1938 562 2012 sub
596 1938 675 2011 libri
708 1941 835 2028 finem,
869 1940 996 2036 gloriae
1029 1940 1145 2013 studio
1169 1940 1352 2037 abreptus,

163 2092 200 2138 se
225 2066 354 2139 librum
379 2067 614 2165 conscripsisse
640 2077 755 2165 aperto
780 2069 994 2166 proclamat?

212 2194 335 2291 Neque
388 2195 645 2291 subscriptionis
691 2195 864 2267 defectum
912 2194 992 2269 huic
1030 2195 1185 2293 opinioni
1223 2219 1351 2290 magno

163 2345 265 2417 opere
296 2322 408 2393 favere
438 2322 606 2396 existimo
635 2323 724 2398 Quis
749 2323 842 2395 enim
869 2323 1054 2395 contendat
1080 2348 1118 2395 ea
1143 2348 1232 2420 quae
1256 2348 1350 2396 nunc

163 2448 200 2520 in
233 2447 328 2521 libris
362 2448 617 2538 desiderantur,
651 2475 763 2547 neque
785 2451 822 2523 in
848 2451 992 2524 vetustis
1016 2450 1269 2548 exemplaribus
1295 2476 1350 2523 ex·

163 2575 288 2647 stitisse
304 2576 354 2665 1)Ρ

212 2703 335 2800 Neque
368 2703 433 2775 hoc
458 2703 531 2776 loco
557 2704 788 2777 Goldbacheri
814 2706 1011 2802 opinionem
1036 2706 1176 2779 reticere
1201 2708 1252 2779 fas
1277 2716 1346 2795 est,

163 2829 241 2926 qui,
281 2855 361 2902 cum
400 2839 489 2903 16616
523 2833 663 2905 sentiret
694 2833 783 2905 nihil
815 2859 856 2906 ex
887 2833 948 2906 lib.
983 2831 1038 2905 XI
1071 2834 1216 2908 Metam.
1250 2860 1348 2932 posse

161 2956 276 3052 colligi
308 2958 404 3055 quod
436 2959 482 3031 ad
515 2960 641 3057 Apulei
671 2963 777 3033 vitam
803 2970 987 3058 spectaret,
1015 2970 1049 3033 61
1073 2960 1218 3033 verbum
1245 2963 1346 3052 „Ma-

163 3082 389 3157 daurensem”
422 3087 574 3184 reliquae
598 3089 784 3160 narrationi
809 3088 910 3185 plane
937 3112 1148 3186 repugnare,
1175 3090 1248 3161 loco
1273 3114 1346 3162 cor-

162 3219 265 3308 rupto
297 3213 469 3308 singulare
502 3239 582 3287 sane
613 3216 806 3289 remedium
839 3216 1011 3289 adhibuit.
1037 3215 1226 3288 Contendit
1251 3217 1344 3289 enim

159 3362 221 3434 pro
253 3340 568 3427 „Madaurensem”
603 3341 823 3416 scribendum
850 3369 937 3417 esse:
966 3369 1086 3435 „raone
1110 3345 1344 3433 Dorienaem'',

160 3474 338 3563 propterea
362 3468 457 3564 quod
481 3469 518 3541 in
544 3469 719 3542 codicibus
747 3495 854 3543 manu
873 3471 1006 3568 scriptis
1018 3471 1207 3568 reperiatur
1220 3472 1345 3560 „Mau-

160 3591 362 3667 dorensem''
397 3606 431 3668 61
466 3596 792 3685 ,‚Mandorensem''.
826 3600 943 3675 Quam
968 3599 1201 3672 coniecturam
1228 3599 1351 3672 multis

159 3721 343 3816 probatum
367 3724 411 3796 iri
434 3726 491 3797 vix
516 3726 685 3799 existimo.

208 3849 306 3924 Quae
339 3876 420 3924 cum
452 3854 502 3926 ita
533 3854 620 3942 sint,
655 3855 753 3928 166116
778 3856 1005 3953 intelligimus
1030 3881 1147 3929 vocem
1175 3853 1344 3944 „Madau-

158 3977 315 4048 rensem''
343 3980 533 4053 orationem
557 3981 606 4054 ita
631 3981 850 4079 perturbare,
877 3993 917 4056 ut
941 3991 1022 4082 apta
1046 3983 1112 4057 loci
1132 3982 1225 4078 illius
1239 3981 1345 4078 expli-

158 4178 370 4188 -——

195 4314 223 4382 l)
251 4312 284 4366 In'
312 4313 436 4369 editione
468 4315 602 4384 Kruegari
628 4315 780 4386 Apologiae
805 4316 937 4386 legimus:
965 4316 1012 4382 „in
1031 4317 1125 4371 codice
1145 4317 1172 4369 F
1189 4314 1343 4386 Apologiue

156 4404 310 4474 subscriptio
330 4404 441 4469 deest'';
461 4407 630 4475 inscriptos
650 4405 783 4460 Τ66116116
803 4406 916 4461 citatur.
938 4433 941 4438 ·
