3082 4988
718 372 762 442 31

145 555 349 654 »Apulejus
377 555 493 628 Wenn
514 553 646 629 Lucius
664 555 862 652 uberhaupt
883 556 999 628 seinen
1020 556 1100 629 Esel
1119 556 1170 628 im
1191 555 1335 629 Dienste

144 684 229 756 »der
258 709 398 781 grossen
431 684 555 758 Gottin
589 684 720 757 winken
744 685 849 777 11111,
884 711 920 757 11
946 684 1087 782 gipfelte
1112 684 1202 757 ohne
1232 685 1336 780 l'rage

142 812 291 908 »gerade
315 813 352 885 in
379 813 508 885 diesem
535 812 698 887 Abschitt
724 814 816 886 seine
844 812 1008 915 glaubige
1030 812 1234 908 Verehrung
1254 813 1336 885 alles

141 939 407 1037 »Mysteridsen
450 940 552 1013 Diese
586 939 701 1013 Partie
735 940 805 1012 also
839 939 1076 1013 vornehmlich
1115 940 1189 1012 und
1226 941 1337 1013 fernes

142 1067 229 1140 »der
275 1068 401 1163 lustige
445 1069 519 1141 Ton
567 1068 627 1142 des
664 1068 804 1140 Ganaen
841 1067 1010 1139 beweisen
1049 1065 1221 1139 durchaus
1259 1067 1337 1140 dass

142 1195 300 1267 »1311111
323 1196 380 1268 fin
404 1195 575 1295 Apulejus
600 1196 656 1268 die
682 1196 806 1272 Quelle
831 1220 901 1268 war
905 1256 1011 1270 .....
1015 1195 1035 1222 ”

194 1323 350 1396 Profecto
371 1324 401 1396 si
420 1323 504 1396 haec
524 1323 627 1396 verba
650 1332 832 1420 tamquam
854 1349 1034 1396 summum
1047 1325 1213 1397 irrisionis
1225 1349 1337 1397 exem·

142 1450 242 1548 plum
268 1451 417 1548 profert,
444 1475 524 1523 eum
550 1476 725 1547 nusquam
751 1451 942 1523 infirmiora
968 1461 1175 1547 argumenta
1199 1452 1244 1523 ad
1266 1453 1337 1550 opi-

141 1577 282 1650 nionem
326 1603 425 1650 suam
463 1578 718 1651 defendendam
754 1573 910 1652 attulisse
947 1581 1165 1654 confitemur.
1205 1566 1337 1653 Revera

142 1704 332 1778 sacerdotes
375 1705 465 1778 Deae
499 1705 616 1802 Syriae
647 1706 769 1779 vividis
802 1705 974 1778 coloribus
1005 1732 1119 1804 neque
1143 1707 1271 1780 iniuria
1295 1716 1337 1780 ut

143 1832 301 1905 homines
333 1833 553 1906 infamissimi
586 1834 825 1931 depinguntur
858 1841 893 1906 et
927 1833 1022 1931 apud
1056 1833 1248 1930 Apuleium
1281 1843 1335 1920 et,

145 1960 256 2033 multo
280 1962 493 2050 concinnius,
520 1962 616 2060 apud
641 1961 858 2034 *Lueianum
870 1996 879 2048 ;
907 1962 967 2033 sed
991 1986 1062 2057 quo
1083 1961 1157 2033 iure
1169 1985 1335 2056 negemus

141 2087 344 2161 Patrensem
371 2114 512 2185 quoque
538 2089 709 2161 similibus
735 2089 847 2161 verbis
872 2113 929 2160 eos
950 2088 1192 2185 descripsisse?
1211 2088 1335 2184 Neque

141 2215 179 2288 in
204 2216 269 2289 hac
293 2218 488 2290 narratione
513 2217 613 2290 video
639 2217 718 2314 quis
743 2217 797 2289 vel
822 2216 909 2313 quid
935 2216 1136 2302 irrideatur3
1163 2240 1233 2287 non
1255 2239 1335 2287 sane

141 2343 260 2416 infelix
282 2343 341 2416 ille
359 2343 508 2432 Lucius,
536 2345 598 2442 qui
623 2345 783 2416 honestas
807 2352 922 2442 partes
947 2344 1031 2416 iusti
1057 2342 1218 2415 delatoris
1242 2343 1334 2438 agit,

142 2495 255 2567 neque
273 2473 424 2569 profecto
446 2471 758 2566 δεισιδαιμονία,
780 2496 863 2543 nam
876 2471 1096 2568 impudentia
1108 2470 1334 2565 indignorum

122 2598 359 2683 ¹sacerdotum
384 2608 418 2673 et
439 2601 655 2697 sacrilegium
677 2600 721 2673 ab
743 2600 785 2672 iis
807 2601 1032 2671 commissum
1053 2598 1188 2670 lectoris
1209 2598 1334 2695 plausu

141 2727 178 2800 in
211 2753 342 2802 carcere
374 2729 542 2827 expiatur.
578 2730 659 2802 Sine
693 2729 802 2802 dubio
836 2731 971 2825 magnis
1002 2726 1146 2823 argutiis
1171 2751 1259 2824 opus
1283 2733 1335 2798 est

141 2863 182 2927 ut
218 2855 256 2927 in
293 2854 347 2927 his
385 2855 456 2928 ulla
489 2856 654 2929 irrisionis
688 2856 832 2951 vestigia
866 2854 1079 2954 deprehendi
1113 2854 1264 2952 possint,
1299 2861 1334 2925 et

140 2981 208 3054 nisi
231 2982 270 3055 in
293 2982 406 3055 verbis
431 3008 574 3080 quaeras
599 2984 807 3056 sententiam
833 3009 939 3080 quarn
964 3008 1067 3055 nemo
1092 2984 1129 3055 in
1154 2982 1197 3055 iis
1216 2983 1334 3054 inven-

140 3116 240 3182 turus
277 3110 340 3198 sit,
379 3111 429 3184 nil
461 3120 556 3184 vetat
589 3112 796 3209 deprompta
828 3112 889 3184 illa
923 3111 1119 3183 existimare
1150 3135 1192 3182 ex
1224 3110 1334 3208 ipsius

140 3235 312 3310 Patrensis
347 3238 484 3328 fabula3
523 3264 629 3336 quare
665 3264 736 3311 non
774 3239 899 3313 dubito
938 3241 1024 3337 quin
1062 3239 1190 3337 pariter
1228 3245 1333 3334 atque

139 3363 273 3462 reliqua
298 3364 466 3439 *Luciani
490 3367 642 3439 narratio
667 3366 750 3440 huic
776 3368 945 3464 originem
971 3368 1131 3440 debeant.

192 3493 350 3590 Denique
374 3494 439 3567 hoc
464 3503 603 3567 tantum
628 3520 802 3593 opponere
826 3495 930 3568 velim
955 3495 1093 3568 Rohdei
1114 3501 1333 3590 argumenta-

139 3619 237 3695 tioni.
273 3621 310 3692 Si
340 3621 527 3694 statuimus
551 3621 748 3694 Lueianum
773 3622 951 3720 parodiam
978 3623 1114 3711 fecisse,
1140 3621 1332 3718 Apuleium

138 3755 257 3821 autem
279 3773 355 3820 earn
377 3748 612 3848 descripsisse:
635 3759 906 3823 consentaneum
927 3758 979 3824 est
998 3751 1145 3824 Luciani
1165 3749 1334 3823 irridendi

137 3876 322 3950 consilium
356 3885 429 3950 tam
463 3878 649 3951 obscurum
683 3879 786 3950 fuisse
819 3888 860 3951 ut
892 3879 1084 3979 Apuleium
1109 3879 1268 3966 latuerit;
1297 3887 1334 3950 at

138 4003 167 4076 si
190 4004 406 4100 cognoverit,
442 4005 511 4077 veri
536 4005 648 4078 simile
673 4013 724 4078 est
749 4007 875 4079 einen
901 4015 1041 4080 tantum
1067 4007 1218 4081 hominis
1244 4005 1334 4077 irrisi

137 4155 265 4204 nomen
297 4140 422 4204 notum
454 4132 577 4221 fuisse,
614 4133 673 4205 sed
706 4133 812 4205 etiam
846 4158 934 4233 opus
959 4136 1053 4232 quod
1080 4135 1272 4217 irrisionem
1299 4131 1331 4202 ei

137 4257 209 4330 viro
246 4260 478 4333 contraxisset.
516 4261 560 4333 In
597 4261 658 4333 illo
695 4266 814 4332 autern
851 4285 952 4359 opere
989 4262 1159 4361 Apuleius
1197 4265 1331 4357 praeter

136 4385 270 4484 aliquot
293 4385 533 4462 additamenta
554 4388 787 4462 narrationem
801 4386 1057 4476 „Lucianeam”
1071 4386 1224 4462 invenire
1237 4391 1331 4483 pote·
