<?xml version="1.0" encoding="UTF-8"?>
<!DOCTYPE html PUBLIC "-//W3C//DTD XHTML 1.0 Transitional//EN"
    "http://www.w3.org/TR/xhtml1/DTD/xhtml1-transitional.dtd">
<html xmlns="http://www.w3.org/1999/xhtml" xml:lang="en" lang="en">
 <head>
  <title>
</title>
<meta http-equiv="Content-Type" content="text/html;charset=utf-8" />
  <meta name='ocr-system' content='tesseract 3.04.00' />
  <meta name='ocr-capabilities' content='ocr_page ocr_carea ocr_par ocr_line ocrx_word'/>
</head>
<body>
  <div class='ocr_page' id='page_1' title='image "./derationequaees00deegoog_0031.png"; bbox 0 0 3082 4988; ppageno 0'>
   <div class='ocr_carea' id='block_1_1' title="bbox 752 380 798 449">
    <p class='ocr_par' dir='ltr' id='par_1_1' title="bbox 752 380 798 449">
     <span class='ocr_line' id='line_1_1' title="bbox 752 380 798 449; baseline 0 0"><span class='ocrx_word' id='word_1_1' title='bbox 752 380 798 449; x_wconf 77' lang='grc'>26</span> 
     </span>
    </p>
   </div>
   <div class='ocr_carea' id='block_1_2' title="bbox 173 562 1376 1178">
    <p class='ocr_par' dir='ltr' id='par_1_2' title="bbox 173 562 1376 1178">
     <span class='ocr_line' id='line_1_2' title="bbox 174 562 1371 662; baseline -0.005 -20"><span class='ocrx_word' id='word_1_2' title='bbox 174 575 304 643; x_wconf 91' lang='lat' dir='ltr'>tarunt.</span> <span class='ocrx_word' id='word_1_3' title='bbox 332 568 382 641; x_wconf 89' lang='lat' dir='ltr'>At</span> <span class='ocrx_word' id='word_1_4' title='bbox 409 566 544 640; x_wconf 81' lang='lat' dir='ltr'>Teuffel</span> <span class='ocrx_word' id='word_1_5' title='bbox 569 565 677 657; x_wconf 90' lang='lat' dir='ltr'>(Mus.</span> <span class='ocrx_word' id='word_1_6' title='bbox 704 565 773 639; x_wconf 89' lang='lat' dir='ltr'>Rh.</span> <span class='ocrx_word' id='word_1_7' title='bbox 799 562 891 636; x_wconf 91' lang='lat' dir='ltr'>XIX</span> <span class='ocrx_word' id='word_1_8' title='bbox 917 589 994 662; x_wconf 87' lang='lat' dir='ltr'>pag.</span> <span class='ocrx_word' id='word_1_9' title='bbox 1023 568 1093 638; x_wconf 74' lang='lat'>243</span> <span class='ocrx_word' id='word_1_10' title='bbox 1119 570 1220 661; x_wconf 90' lang='lat' dir='ltr'>sqq.),</span> <span class='ocrx_word' id='word_1_11' title='bbox 1245 565 1371 637; x_wconf 88' lang='lat' dir='ltr'>utiam</span> 
     </span>
     <span class='ocr_line' id='line_1_3' title="bbox 175 692 1371 792; baseline -0.003 -24"><span class='ocrx_word' id='word_1_12' title='bbox 175 697 344 785; x_wconf 89' lang='lat' dir='ltr'>vidimus,</span> <span class='ocrx_word' id='word_1_13' title='bbox 385 696 430 768; x_wconf 89' lang='lat' dir='ltr'>ad</span> <span class='ocrx_word' id='word_1_14' title='bbox 470 695 639 768; x_wconf 89' lang='lat' dir='ltr'>contraria</span> <span class='ocrx_word' id='word_1_15' title='bbox 672 693 844 792; x_wconf 87' lang='lat' dir='ltr'>pervenit;</span> <span class='ocrx_word' id='word_1_16' title='bbox 887 692 1054 766; x_wconf 83' lang='lat' dir='ltr'>*Luciani</span> <span class='ocrx_word' id='word_1_17' title='bbox 1087 693 1181 765; x_wconf 90' lang='lat' dir='ltr'>enim</span> <span class='ocrx_word' id='word_1_18' title='bbox 1213 692 1371 765; x_wconf 87' lang='lat' dir='ltr'>fabulam</span> 
     </span>
     <span class='ocr_line' id='line_1_4' title="bbox 174 820 1372 923; baseline -0.004 -26"><span class='ocrx_word' id='word_1_19' title='bbox 174 825 401 923; x_wconf 86' lang='lat' dir='ltr'>archetypum</span> <span class='ocrx_word' id='word_1_20' title='bbox 435 823 539 896; x_wconf 87' lang='lat' dir='ltr'>fuisse</span> <span class='ocrx_word' id='word_1_21' title='bbox 573 821 739 920; x_wconf 86' lang='lat' dir='ltr'>putabat,</span> <span class='ocrx_word' id='word_1_22' title='bbox 775 821 930 920; x_wconf 91' lang='lat' dir='ltr'>primum</span> <span class='ocrx_word' id='word_1_23' title='bbox 957 821 1041 917; x_wconf 86' lang='lat' dir='ltr'>quia</span> <span class='ocrx_word' id='word_1_24' title='bbox 1064 845 1134 893; x_wconf 92' lang='lat' dir='ltr'>non</span> <span class='ocrx_word' id='word_1_25' title='bbox 1157 820 1284 893; x_wconf 90' lang='lat' dir='ltr'>habeat</span> <span class='ocrx_word' id='word_1_26' title='bbox 1308 845 1372 892; x_wconf 88' lang='lat' dir='ltr'>cur</span> 
     </span>
     <span class='ocr_line' id='line_1_5' title="bbox 173 947 1376 1049; baseline -0.003 -25"><span class='ocrx_word' id='word_1_27' title='bbox 173 960 295 1049; x_wconf 84' lang='lat' dir='ltr'>neget,</span> <span class='ocrx_word' id='word_1_28' title='bbox 325 952 452 1024; x_wconf 89' lang='lat' dir='ltr'>deinde</span> <span class='ocrx_word' id='word_1_29' title='bbox 478 951 562 1048; x_wconf 88' lang='lat' dir='ltr'>quia</span> <span class='ocrx_word' id='word_1_30' title='bbox 583 951 704 1034; x_wconf 79' lang='grc' dir='ltr'><em>Ὄνος</em></span> <span class='ocrx_word' id='word_1_31' title='bbox 728 949 826 1021; x_wconf 90' lang='lat' dir='ltr'>nulla</span> <span class='ocrx_word' id='word_1_32' title='bbox 851 974 932 1047; x_wconf 87' lang='lat' dir='ltr'>prae</span> <span class='ocrx_word' id='word_1_33' title='bbox 958 973 993 1021; x_wconf 90' lang='lat' dir='ltr'>se</span> <span class='ocrx_word' id='word_1_34' title='bbox 1013 948 1100 1021; x_wconf 87' lang='lat' dir='ltr'>ferat</span> <span class='ocrx_word' id='word_1_35' title='bbox 1118 949 1268 1047; x_wconf 84' lang='lat' dir='ltr'>excerpti</span> <span class='ocrx_word' id='word_1_36' title='bbox 1280 947 1376 1029; x_wconf 67' lang='lat' dir='ltr'>indi-2</span> 
     </span>
     <span class='ocr_line' id='line_1_6' title="bbox 175 1063 1371 1178; baseline -0.001 -26"><span class='ocrx_word' id='word_1_37' title='bbox 175 1081 242 1169; x_wconf 89' lang='lat' dir='ltr'>cia;</span> <span class='ocrx_word' id='word_1_38' title='bbox 279 1080 452 1178; x_wconf 89' lang='lat' dir='ltr'>Apuleius</span> <span class='ocrx_word' id='word_1_39' title='bbox 487 1086 605 1151; x_wconf 90' lang='lat' dir='ltr'>autem</span> <span class='ocrx_word' id='word_1_40' title='bbox 639 1077 751 1151; x_wconf 88' lang='lat' dir='ltr'>verbis</span> <span class='ocrx_word' id='word_1_41' title='bbox 776 1063 958 1165; x_wconf 67' lang='lat' dir='ltr'>,fabalam</span> <span class='ocrx_word' id='word_1_42' title='bbox 985 1076 1227 1148; x_wconf 77' lang='lat' dir='ltr'><em>Graecanicam</em></span> <span class='ocrx_word' id='word_1_43' title='bbox 1251 1078 1371 1174; x_wconf 72' lang='lat' dir='ltr'>lacial-</span> 
     </span>
    </p>
   </div>
   <div class='ocr_carea' id='block_1_3' title="bbox 173 1203 1434 4497">
    <p class='ocr_par' dir='ltr' id='par_1_3' title="bbox 173 1203 1372 2327">
     <span class='ocr_line' id='line_1_7' title="bbox 176 1203 1372 1303; baseline 0 -23"><span class='ocrx_word' id='word_1_44' title='bbox 176 1207 270 1280; x_wconf 78' lang='lat' dir='ltr'>mac”</span> <span class='ocrx_word' id='word_1_45' title='bbox 311 1207 412 1299; x_wconf 89' lang='lat' dir='ltr'>(Met.</span> <span class='ocrx_word' id='word_1_46' title='bbox 447 1207 485 1295; x_wconf 91' lang='lat' dir='ltr'>I,</span> <span class='ocrx_word' id='word_1_47' title='bbox 523 1212 558 1296; x_wconf 93' lang='grc'>1)</span> <span class='ocrx_word' id='word_1_48' title='bbox 592 1206 824 1278; x_wconf 80' lang='lat' dir='ltr'>narrationem</span> <span class='ocrx_word' id='word_1_49' title='bbox 857 1203 1088 1278; x_wconf 81' lang='lat' dir='ltr'>*Lucianeam</span> <span class='ocrx_word' id='word_1_50' title='bbox 1121 1205 1305 1303; x_wconf 82' lang='lat' dir='ltr'>respexisse</span> <span class='ocrx_word' id='word_1_51' title='bbox 1338 1209 1372 1280; x_wconf 91' lang='lat' dir='ltr'>ei</span> 
     </span>
     <span class='ocr_line' id='line_1_8' title="bbox 175 1332 1370 1431; baseline 0 -23"><span class='ocrx_word' id='word_1_52' title='bbox 175 1336 330 1423; x_wconf 86' lang='lat' dir='ltr'>videtur,</span> <span class='ocrx_word' id='word_1_53' title='bbox 353 1335 413 1407; x_wconf 88' lang='lat' dir='ltr'>sed</span> <span class='ocrx_word' id='word_1_54' title='bbox 436 1334 560 1431; x_wconf 91' lang='lat' dir='ltr'>quidni</span> <span class='ocrx_word' id='word_1_55' title='bbox 581 1334 625 1406; x_wconf 90' lang='lat' dir='ltr'>ad</span> <span class='ocrx_word' id='word_1_56' title='bbox 648 1333 821 1406; x_wconf 84' lang='lat' dir='ltr'>Patrensis</span> <span class='ocrx_word' id='word_1_57' title='bbox 839 1357 927 1430; x_wconf 89' lang='lat' dir='ltr'>opus</span> <span class='ocrx_word' id='word_1_58' title='bbox 939 1332 1022 1406; x_wconf 88' lang='lat' dir='ltr'>haeo</span> <span class='ocrx_word' id='word_1_59' title='bbox 1033 1332 1137 1423; x_wconf 81' lang='lat' dir='ltr'>verba</span> <span class='ocrx_word' id='word_1_60' title='bbox 1150 1333 1370 1431; x_wconf 75' lang='lat' dir='ltr'>pertineant?</span> 
     </span>
     <span class='ocr_line' id='line_1_9' title="bbox 175 1459 1370 1561; baseline 0.001 -26"><span class='ocrx_word' id='word_1_61' title='bbox 175 1463 332 1535; x_wconf 83' lang='lat' dir='ltr'>Profecto</span> <span class='ocrx_word' id='word_1_62' title='bbox 357 1463 443 1534; x_wconf 89' lang='lat' dir='ltr'>mira</span> <span class='ocrx_word' id='word_1_63' title='bbox 468 1486 522 1534; x_wconf 88' lang='lat' dir='ltr'>res</span> <span class='ocrx_word' id='word_1_64' title='bbox 547 1469 599 1534; x_wconf 90' lang='lat' dir='ltr'>est</span> <span class='ocrx_word' id='word_1_65' title='bbox 624 1459 834 1533; x_wconf 82' lang='lat' dir='ltr'>Teuffelium</span> <span class='ocrx_word' id='word_1_66' title='bbox 860 1469 933 1532; x_wconf 89' lang='lat' dir='ltr'>tam</span> <span class='ocrx_word' id='word_1_67' title='bbox 953 1461 1020 1533; x_wconf 89' lang='lat' dir='ltr'>levi</span> <span class='ocrx_word' id='word_1_68' title='bbox 1037 1468 1245 1561; x_wconf 81' lang='lat' dir='ltr'>argumento</span> <span class='ocrx_word' id='word_1_69' title='bbox 1264 1488 1370 1536; x_wconf 91' lang='lat' dir='ltr'>usum</span> 
     </span>
     <span class='ocr_line' id='line_1_10' title="bbox 175 1587 1370 1687; baseline 0.001 -24"><span class='ocrx_word' id='word_1_70' title='bbox 175 1616 246 1663; x_wconf 87' lang='lat' dir='ltr'>esse</span> <span class='ocrx_word' id='word_1_71' title='bbox 277 1616 348 1687; x_wconf 90' lang='lat' dir='ltr'>quo</span> <span class='ocrx_word' id='word_1_72' title='bbox 372 1589 469 1664; x_wconf 90' lang='lat' dir='ltr'>illam</span> <span class='ocrx_word' id='word_1_73' title='bbox 496 1589 695 1686; x_wconf 88' lang='lat' dir='ltr'>opinionem</span> <span class='ocrx_word' id='word_1_74' title='bbox 721 1587 902 1675; x_wconf 81' lang='lat' dir='ltr'>fundaret3</span> <span class='ocrx_word' id='word_1_75' title='bbox 929 1588 1087 1685; x_wconf 88' lang='lat' dir='ltr'>quamvis</span> <span class='ocrx_word' id='word_1_76' title='bbox 1112 1589 1224 1660; x_wconf 86' lang='lat' dir='ltr'>multa</span> <span class='ocrx_word' id='word_1_77' title='bbox 1249 1598 1370 1663; x_wconf 88' lang='lat' dir='ltr'>autem</span> 
     </span>
     <span class='ocr_line' id='line_1_11' title="bbox 175 1715 1370 1812; baseline 0 -22"><span class='ocrx_word' id='word_1_78' title='bbox 175 1717 349 1790; x_wconf 90' lang='lat' dir='ltr'>verissime</span> <span class='ocrx_word' id='word_1_79' title='bbox 375 1717 534 1788; x_wconf 87' lang='lat' dir='ltr'>statuerit</span> <span class='ocrx_word' id='word_1_80' title='bbox 559 1715 602 1787; x_wconf 91' lang='lat' dir='ltr'>de</span> <span class='ocrx_word' id='word_1_81' title='bbox 628 1715 757 1812; x_wconf 86' lang='lat' dir='ltr'>Apulei</span> <span class='ocrx_word' id='word_1_82' title='bbox 783 1715 952 1804; x_wconf 82' lang='lat' dir='ltr'>dictione,</span> <span class='ocrx_word' id='word_1_83' title='bbox 979 1716 1043 1788; x_wconf 89' lang='lat' dir='ltr'>hac</span> <span class='ocrx_word' id='word_1_84' title='bbox 1068 1716 1104 1788; x_wconf 93' lang='lat' dir='ltr'>in</span> <span class='ocrx_word' id='word_1_85' title='bbox 1127 1740 1163 1788; x_wconf 89' lang='lat' dir='ltr'>re</span> <span class='ocrx_word' id='word_1_86' title='bbox 1184 1716 1370 1790; x_wconf 86' lang='lat' dir='ltr'>subactum</span> 
     </span>
     <span class='ocr_line' id='line_1_12' title="bbox 176 1843 1369 1943; baseline 0 -25"><span class='ocrx_word' id='word_1_87' title='bbox 176 1845 249 1918; x_wconf 90' lang='lat' dir='ltr'>eius</span> <span class='ocrx_word' id='word_1_88' title='bbox 279 1844 451 1917; x_wconf 90' lang='lat' dir='ltr'>iudicium</span> <span class='ocrx_word' id='word_1_89' title='bbox 478 1844 733 1933; x_wconf 87' lang='lat' dir='ltr'>desideramus,</span> <span class='ocrx_word' id='word_1_90' title='bbox 759 1853 794 1916; x_wconf 91' lang='lat' dir='ltr'>et</span> <span class='ocrx_word' id='word_1_91' title='bbox 819 1843 961 1932; x_wconf 86' lang='lat' dir='ltr'>Rohde,</span> <span class='ocrx_word' id='word_1_92' title='bbox 987 1843 1110 1941; x_wconf 90' lang='lat' dir='ltr'>quiin</span> <span class='ocrx_word' id='word_1_93' title='bbox 1135 1845 1369 1943; x_wconf 87' lang='lat' dir='ltr'>ipsaconolu·</span> 
     </span>
     <span class='ocr_line' id='line_1_13' title="bbox 175 1972 1370 2071; baseline 0.002 -25"><span class='ocrx_word' id='word_1_94' title='bbox 175 1974 269 2046; x_wconf 90' lang='lat' dir='ltr'>sione</span> <span class='ocrx_word' id='word_1_95' title='bbox 289 1973 363 2045; x_wconf 90' lang='lat' dir='ltr'>eius</span> <span class='ocrx_word' id='word_1_96' title='bbox 383 1981 497 2071; x_wconf 86' lang='lat' dir='ltr'>partes</span> <span class='ocrx_word' id='word_1_97' title='bbox 518 1972 693 2070; x_wconf 90' lang='lat' dir='ltr'>sequitur,</span> <span class='ocrx_word' id='word_1_98' title='bbox 716 1973 849 2070; x_wconf 89' lang='lat' dir='ltr'>optimo</span> <span class='ocrx_word' id='word_1_99' title='bbox 866 1972 944 2070; x_wconf 87' lang='lat' dir='ltr'>jure</span> <span class='ocrx_word' id='word_1_100' title='bbox 965 1972 1145 2045; x_wconf 82' lang='lat' dir='ltr'>contendit</span> <span class='ocrx_word' id='word_1_101' title='bbox 1164 1982 1370 2068; x_wconf 87' lang='lat' dir='ltr'>argumenta</span> 
     </span>
     <span class='ocr_line' id='line_1_14' title="bbox 173 2099 1370 2199; baseline 0.001 -26"><span class='ocrx_word' id='word_1_102' title='bbox 173 2101 306 2199; x_wconf 87' lang='lat' dir='ltr'>prolata</span> <span class='ocrx_word' id='word_1_103' title='bbox 340 2101 485 2173; x_wconf 89' lang='lat' dir='ltr'>minime</span> <span class='ocrx_word' id='word_1_104' title='bbox 512 2101 665 2173; x_wconf 85' lang='lat' dir='ltr'>sufficere</span> <span class='ocrx_word' id='word_1_105' title='bbox 691 2101 736 2173; x_wconf 81' lang='lat' dir='ltr'>ad</span> <span class='ocrx_word' id='word_1_106' title='bbox 763 2125 836 2172; x_wconf 90' lang='lat' dir='ltr'>rem</span> <span class='ocrx_word' id='word_1_107' title='bbox 861 2099 1133 2198; x_wconf 86' lang='lat' dir='ltr'>profligandam,</span> <span class='ocrx_word' id='word_1_108' title='bbox 1160 2109 1370 2199; x_wconf 89' lang='lat' dir='ltr'>quapropter</span> 
     </span>
     <span class='ocr_line' id='line_1_15' title="bbox 174 2227 1367 2327; baseline 0.002 -25"><span class='ocrx_word' id='word_1_109' title='bbox 174 2229 248 2326; x_wconf 89' lang='lat' dir='ltr'>ipse</span> <span class='ocrx_word' id='word_1_110' title='bbox 272 2254 360 2302; x_wconf 89' lang='lat' dir='ltr'>nova</span> <span class='ocrx_word' id='word_1_111' title='bbox 385 2229 550 2327; x_wconf 89' lang='lat' dir='ltr'>protulit,</span> <span class='ocrx_word' id='word_1_112' title='bbox 578 2228 772 2325; x_wconf 86' lang='lat' dir='ltr'>dequibus</span> <span class='ocrx_word' id='word_1_113' title='bbox 793 2228 898 2327; x_wconf 91' lang='lat' dir='ltr'>paulo</span> <span class='ocrx_word' id='word_1_114' title='bbox 918 2227 1061 2301; x_wconf 86' lang='lat' dir='ltr'>inferius</span> <span class='ocrx_word' id='word_1_115' title='bbox 1082 2228 1271 2301; x_wconf 88' lang='lat' dir='ltr'>videndum</span> <span class='ocrx_word' id='word_1_116' title='bbox 1292 2229 1367 2304; x_wconf 88' lang='lat' dir='ltr'>erit.</span> 
     </span>
    </p>

    <p class='ocr_par' dir='ltr' id='par_1_4' title="bbox 174 2356 1434 4497">
     <span class='ocr_line' id='line_1_16' title="bbox 224 2356 1367 2455; baseline 0.001 -26"><span class='ocrx_word' id='word_1_117' title='bbox 224 2359 320 2430; x_wconf 90' lang='lat' dir='ltr'>Inter</span> <span class='ocrx_word' id='word_1_118' title='bbox 354 2383 429 2445; x_wconf 62' lang='lat' dir='ltr'>eos</span> <span class='ocrx_word' id='word_1_119' title='bbox 464 2357 526 2455; x_wconf 91' lang='lat' dir='ltr'>qui</span> <span class='ocrx_word' id='word_1_120' title='bbox 558 2356 760 2453; x_wconf 87' lang='lat' dir='ltr'>diligentius</span> <span class='ocrx_word' id='word_1_121' title='bbox 793 2356 830 2428; x_wconf 91' lang='lat' dir='ltr'>in</span> <span class='ocrx_word' id='word_1_122' title='bbox 865 2356 954 2429; x_wconf 87' lang='lat' dir='ltr'>hanc</span> <span class='ocrx_word' id='word_1_123' title='bbox 987 2381 1061 2429; x_wconf 90' lang='lat' dir='ltr'>rem</span> <span class='ocrx_word' id='word_1_124' title='bbox 1094 2356 1367 2453; x_wconf 87' lang='lat' dir='ltr'>inquisiverunt,</span> 
     </span>
     <span class='ocr_line' id='line_1_17' title="bbox 176 2484 1370 2584; baseline 0.002 -28"><span class='ocrx_word' id='word_1_125' title='bbox 176 2485 310 2584; x_wconf 90' lang='lat' dir='ltr'>primus</span> <span class='ocrx_word' id='word_1_126' title='bbox 348 2484 478 2558; x_wconf 76' lang='lat' dir='ltr'>Kanna</span> <span class='ocrx_word' id='word_1_127' title='bbox 511 2487 566 2577; x_wconf 85' lang='lat' dir='ltr'>(de</span> <span class='ocrx_word' id='word_1_128' title='bbox 600 2487 751 2557; x_wconf 73' lang='lat' dir='ltr'>laciano</span> <span class='ocrx_word' id='word_1_129' title='bbox 784 2485 889 2557; x_wconf 79' lang='lat' dir='ltr'>libelli</span> <span class='ocrx_word' id='word_1_130' title='bbox 922 2489 980 2582; x_wconf 82' lang='lat' dir='ltr'>qul</span> <span class='ocrx_word' id='word_1_131' title='bbox 1014 2484 1210 2557; x_wconf 77' lang='lat' dir='ltr'>inscribitur</span> <span class='ocrx_word' id='word_1_132' title='bbox 1245 2486 1370 2559; x_wconf 69' lang='lat' dir='ltr'>baalac</span> 
     </span>
     <span class='ocr_line' id='line_1_18' title="bbox 177 2612 1369 2704; baseline 0.001 -19"><span class='ocrx_word' id='word_1_133' title='bbox 177 2619 325 2704; x_wconf 81' lang='lat' dir='ltr'>caelare)</span> <span class='ocrx_word' id='word_1_134' title='bbox 358 2613 424 2685; x_wconf 90' lang='lat' dir='ltr'>iter</span> <span class='ocrx_word' id='word_1_135' title='bbox 456 2613 501 2685; x_wconf 89' lang='lat' dir='ltr'>ad</span> <span class='ocrx_word' id='word_1_136' title='bbox 535 2637 655 2685; x_wconf 88' lang='lat' dir='ltr'>verum</span> <span class='ocrx_word' id='word_1_137' title='bbox 687 2612 936 2686; x_wconf 86' lang='lat' dir='ltr'>inveniendum</span> <span class='ocrx_word' id='word_1_138' title='bbox 969 2613 1183 2686; x_wconf 88' lang='lat' dir='ltr'>monstravit.</span> <span class='ocrx_word' id='word_1_139' title='bbox 1218 2612 1369 2686; x_wconf 76' lang='lat' dir='ltr'>Fabulae</span> 
     </span>
     <span class='ocr_line' id='line_1_19' title="bbox 176 2739 1369 2839; baseline 0.001 -26"><span class='ocrx_word' id='word_1_140' title='bbox 176 2742 270 2813; x_wconf 89' lang='lat' dir='ltr'>enim</span> <span class='ocrx_word' id='word_1_141' title='bbox 295 2740 385 2813; x_wconf 92' lang='lat' dir='ltr'>inter</span> <span class='ocrx_word' id='word_1_142' title='bbox 405 2766 440 2812; x_wconf 94' lang='lat' dir='ltr'>se</span> <span class='ocrx_word' id='word_1_143' title='bbox 462 2740 693 2839; x_wconf 90' lang='lat' dir='ltr'>comparando</span> <span class='ocrx_word' id='word_1_144' title='bbox 715 2740 885 2813; x_wconf 88' lang='lat' dir='ltr'>intellexit</span> <span class='ocrx_word' id='word_1_145' title='bbox 907 2765 946 2813; x_wconf 87' lang='lat' dir='ltr'>ea</span> <span class='ocrx_word' id='word_1_146' title='bbox 967 2739 1225 2830; x_wconf 88' lang='lat' dir='ltr'>additamenta,</span> <span class='ocrx_word' id='word_1_147' title='bbox 1240 2740 1369 2837; x_wconf 91' lang='lat' dir='ltr'>quibus</span> 
     </span>
     <span class='ocr_line' id='line_1_20' title="bbox 178 2867 1366 2966; baseline -0.001 -26"><span class='ocrx_word' id='word_1_148' title='bbox 178 2868 348 2965; x_wconf 88' lang='lat' dir='ltr'>Apuleius</span> <span class='ocrx_word' id='word_1_149' title='bbox 381 2893 468 2966; x_wconf 91' lang='lat' dir='ltr'>opus</span> <span class='ocrx_word' id='word_1_150' title='bbox 502 2893 605 2940; x_wconf 88' lang='lat' dir='ltr'>suum</span> <span class='ocrx_word' id='word_1_151' title='bbox 638 2867 754 2954; x_wconf 85' lang='lat' dir='ltr'>auxit,</span> <span class='ocrx_word' id='word_1_152' title='bbox 787 2867 824 2939; x_wconf 90' lang='lat' dir='ltr'>in</span> <span class='ocrx_word' id='word_1_153' title='bbox 858 2867 925 2940; x_wconf 88' lang='lat' dir='ltr'>tria</span> <span class='ocrx_word' id='word_1_154' title='bbox 958 2892 1084 2963; x_wconf 84' lang='lat' dir='ltr'>genera</span> <span class='ocrx_word' id='word_1_155' title='bbox 1104 2867 1226 2940; x_wconf 86' lang='lat' dir='ltr'>¹dividi</span> <span class='ocrx_word' id='word_1_156' title='bbox 1250 2892 1366 2966; x_wconf 82' lang='lat' dir='ltr'>posse3</span> 
     </span>
     <span class='ocr_line' id='line_1_21' title="bbox 177 2994 1434 3103; baseline 0.002 -36"><span class='ocrx_word' id='word_1_157' title='bbox 177 3020 328 3092; x_wconf 90' lang='lat' dir='ltr'>quorum</span> <span class='ocrx_word' id='word_1_158' title='bbox 365 2995 520 3093; x_wconf 90' lang='lat' dir='ltr'>primum</span> <span class='ocrx_word' id='word_1_159' title='bbox 557 2995 712 3068; x_wconf 90' lang='lat' dir='ltr'>efficiunt</span> <span class='ocrx_word' id='word_1_160' title='bbox 748 2994 886 3068; x_wconf 89' lang='lat' dir='ltr'>fabulae</span> <span class='ocrx_word' id='word_1_161' title='bbox 924 2997 1006 3069; x_wconf 90' lang='lat' dir='ltr'>satis</span> <span class='ocrx_word' id='word_1_162' title='bbox 1039 2996 1181 3093; x_wconf 87' lang='lat' dir='ltr'>longae,</span> <span class='ocrx_word' id='word_1_163' title='bbox 1216 3022 1237 3069; x_wconf 90' lang='lat' dir='ltr'>a</span> <span class='ocrx_word' id='word_1_164' title='bbox 1267 2996 1368 3069; x_wconf 87' lang='lat' dir='ltr'>Lucii</span> <span class='ocrx_word' id='word_1_165' title='bbox 1429 3094 1434 3103; x_wconf 28' lang='lat'><strong><em>¹</em></strong></span> 
     </span>
     <span class='ocr_line' id='line_1_22' title="bbox 175 3121 1369 3221; baseline 0.002 -27"><span class='ocrx_word' id='word_1_166' title='bbox 175 3121 310 3195; x_wconf 86' lang='lat' dir='ltr'>casibus</span> <span class='ocrx_word' id='word_1_167' title='bbox 343 3147 480 3221; x_wconf 89' lang='lat' dir='ltr'>prorsus</span> <span class='ocrx_word' id='word_1_168' title='bbox 513 3122 662 3210; x_wconf 89' lang='lat' dir='ltr'>alienae,</span> <span class='ocrx_word' id='word_1_169' title='bbox 697 3147 783 3219; x_wconf 87' lang='lat' dir='ltr'>quas</span> <span class='ocrx_word' id='word_1_170' title='bbox 815 3131 910 3196; x_wconf 91' lang='lat' dir='ltr'>actor</span> <span class='ocrx_word' id='word_1_171' title='bbox 941 3124 1124 3196; x_wconf 87' lang='lat' dir='ltr'>inseruisse</span> <span class='ocrx_word' id='word_1_172' title='bbox 1147 3123 1302 3212; x_wconf 89' lang='lat' dir='ltr'>videtur,</span> <span class='ocrx_word' id='word_1_173' title='bbox 1327 3132 1369 3197; x_wconf 91' lang='lat' dir='ltr'>ut</span> 
     </span>
     <span class='ocr_line' id='line_1_23' title="bbox 174 3250 1367 3343; baseline 0.003 -25"><span class='ocrx_word' id='word_1_174' title='bbox 174 3250 302 3323; x_wconf 87' lang='lat' dir='ltr'>»rebus</span> <span class='ocrx_word' id='word_1_175' title='bbox 327 3250 511 3324; x_wconf 86' lang='lat' dir='ltr'>iucundis’&#39;</span> <span class='ocrx_word' id='word_1_176' title='bbox 537 3250 679 3323; x_wconf 89' lang='lat' dir='ltr'>lectores</span> <span class='ocrx_word' id='word_1_177' title='bbox 705 3251 899 3326; x_wconf 86' lang='lat' dir='ltr'>delectaret.</span> <span class='ocrx_word' id='word_1_178' title='bbox 924 3253 1099 3343; x_wconf 88' lang='lat' dir='ltr'>(Quarum</span> <span class='ocrx_word' id='word_1_179' title='bbox 1120 3250 1317 3325; x_wconf 87' lang='lat' dir='ltr'>fabularum</span> <span class='ocrx_word' id='word_1_180' title='bbox 1329 3251 1367 3323; x_wconf 91' lang='lat' dir='ltr'>in</span> 
     </span>
     <span class='ocr_line' id='line_1_24' title="bbox 176 3377 1367 3477; baseline 0.002 -28"><span class='ocrx_word' id='word_1_181' title='bbox 176 3402 321 3450; x_wconf 88' lang='lat' dir='ltr'>numero</span> <span class='ocrx_word' id='word_1_182' title='bbox 346 3377 506 3451; x_wconf 87' lang='lat' dir='ltr'>habenda</span> <span class='ocrx_word' id='word_1_183' title='bbox 531 3387 581 3451; x_wconf 91' lang='lat' dir='ltr'>est</span> <span class='ocrx_word' id='word_1_184' title='bbox 602 3379 661 3452; x_wconf 89' lang='lat' dir='ltr'>illa</span> <span class='ocrx_word' id='word_1_185' title='bbox 683 3378 727 3452; x_wconf 91' lang='lat' dir='ltr'>de</span> <span class='ocrx_word' id='word_1_186' title='bbox 748 3379 932 3477; x_wconf 85' lang='lat' dir='ltr'>Cupidinis</span> <span class='ocrx_word' id='word_1_187' title='bbox 953 3386 989 3451; x_wconf 92' lang='lat' dir='ltr'>et</span> <span class='ocrx_word' id='word_1_188' title='bbox 1008 3378 1160 3475; x_wconf 81' lang='lat' dir='ltr'>Psychae</span> <span class='ocrx_word' id='word_1_189' title='bbox 1172 3377 1367 3468; x_wconf 87' lang='lat' dir='ltr'>amoribus,</span> 
     </span>
     <span class='ocr_line' id='line_1_25' title="bbox 177 3504 1369 3603; baseline 0.002 -27"><span class='ocrx_word' id='word_1_190' title='bbox 177 3505 220 3576; x_wconf 94' lang='lat' dir='ltr'>de</span> <span class='ocrx_word' id='word_1_191' title='bbox 244 3504 334 3577; x_wconf 89' lang='lat' dir='ltr'>fabri</span> <span class='ocrx_word' id='word_1_192' title='bbox 358 3505 540 3578; x_wconf 88' lang='lat' dir='ltr'>cuiusdam</span> <span class='ocrx_word' id='word_1_193' title='bbox 567 3506 713 3601; x_wconf 86' lang='lat' dir='ltr'>coniuge</span> <span class='ocrx_word' id='word_1_194' title='bbox 733 3506 794 3580; x_wconf 92' lang='lat' dir='ltr'>lib.</span> <span class='ocrx_word' id='word_1_195' title='bbox 817 3505 891 3594; x_wconf 89' lang='lat' dir='ltr'>IX,</span> <span class='ocrx_word' id='word_1_196' title='bbox 914 3506 957 3578; x_wconf 93' lang='lat' dir='ltr'>de</span> <span class='ocrx_word' id='word_1_197' title='bbox 977 3506 1238 3603; x_wconf 82' lang='lat' dir='ltr'>Tlepolemique</span> <span class='ocrx_word' id='word_1_198' title='bbox 1257 3515 1369 3578; x_wconf 88' lang='lat' dir='ltr'>morte</span> 
     </span>
     <span class='ocr_line' id='line_1_26' title="bbox 175 3631 1368 3731; baseline 0.002 -27"><span class='ocrx_word' id='word_1_199' title='bbox 175 3631 235 3706; x_wconf 89' lang='lat' dir='ltr'>lib.</span> <span class='ocrx_word' id='word_1_200' title='bbox 271 3632 361 3720; x_wconf 84' lang='lat' dir='ltr'>Vll,</span> <span class='ocrx_word' id='word_1_201' title='bbox 397 3634 507 3725; x_wconf 88' lang='lat' dir='ltr'>aliae).</span> <span class='ocrx_word' id='word_1_202' title='bbox 534 3633 592 3706; x_wconf 85' lang='lat' dir='ltr'>Ad</span> <span class='ocrx_word' id='word_1_203' title='bbox 617 3635 766 3707; x_wconf 85' lang='lat' dir='ltr'>alterum</span> <span class='ocrx_word' id='word_1_204' title='bbox 790 3659 900 3730; x_wconf 87' lang='lat' dir='ltr'>genus</span> <span class='ocrx_word' id='word_1_205' title='bbox 925 3659 982 3707; x_wconf 91' lang='lat' dir='ltr'>eos</span> <span class='ocrx_word' id='word_1_206' title='bbox 1006 3634 1097 3707; x_wconf 88' lang='lat' dir='ltr'>locos</span> <span class='ocrx_word' id='word_1_207' title='bbox 1121 3633 1256 3707; x_wconf 92' lang='lat' dir='ltr'>rettulit</span> <span class='ocrx_word' id='word_1_208' title='bbox 1282 3633 1368 3731; x_wconf 84' lang='lat' dir='ltr'>„qui</span> 
     </span>
     <span class='ocr_line' id='line_1_27' title="bbox 177 3760 1366 3859; baseline 0 -25"><span class='ocrx_word' id='word_1_209' title='bbox 177 3760 241 3834; x_wconf 88' lang='lat' dir='ltr'>etsi</span> <span class='ocrx_word' id='word_1_210' title='bbox 266 3761 383 3859; x_wconf 90' lang='lat' dir='ltr'>paullo</span> <span class='ocrx_word' id='word_1_211' title='bbox 407 3762 516 3834; x_wconf 89' lang='lat' dir='ltr'>artius</span> <span class='ocrx_word' id='word_1_212' title='bbox 540 3761 678 3835; x_wconf 86' lang='lat' dir='ltr'>fabulae</span> <span class='ocrx_word' id='word_1_213' title='bbox 704 3769 909 3858; x_wconf 86' lang='lat' dir='ltr'>argumento</span> <span class='ocrx_word' id='word_1_214' title='bbox 935 3762 1110 3835; x_wconf 87' lang='lat' dir='ltr'>coniuncti</span> <span class='ocrx_word' id='word_1_215' title='bbox 1134 3769 1366 3849; x_wconf 84' lang='lat' dir='ltr'>sunt‚.tamen</span> 
     </span>
     <span class='ocr_line' id='line_1_28' title="bbox 178 3887 1368 3986; baseline 0.003 -27"><span class='ocrx_word' id='word_1_216' title='bbox 178 3896 318 3986; x_wconf 89' lang='lat' dir='ltr'>propter</span> <span class='ocrx_word' id='word_1_217' title='bbox 348 3887 495 3960; x_wconf 82' lang='lat' dir='ltr'>nimiam</span> <span class='ocrx_word' id='word_1_218' title='bbox 520 3887 762 3962; x_wconf 86' lang='lat' dir='ltr'>verbositatem</span> <span class='ocrx_word' id='word_1_219' title='bbox 787 3889 831 3961; x_wconf 88' lang='lat' dir='ltr'>ab</span> <span class='ocrx_word' id='word_1_220' title='bbox 858 3889 1007 3986; x_wconf 83' lang='lat' dir='ltr'>Apuleio</span> <span class='ocrx_word' id='word_1_221' title='bbox 1032 3897 1073 3961; x_wconf 88' lang='lat' dir='ltr'>ut</span> <span class='ocrx_word' id='word_1_222' title='bbox 1097 3889 1170 3962; x_wconf 91' lang='lat' dir='ltr'>viro</span> <span class='ocrx_word' id='word_1_223' title='bbox 1193 3889 1230 3961; x_wconf 92' lang='lat' dir='ltr'>in</span> <span class='ocrx_word' id='word_1_224' title='bbox 1255 3888 1368 3962; x_wconf 80' lang='lat' dir='ltr'>rheto</span> 
     </span>
     <span class='ocr_line' id='line_1_29' title="bbox 177 4015 1368 4114; baseline 0.003 -28"><span class='ocrx_word' id='word_1_225' title='bbox 177 4040 257 4087; x_wconf 91' lang='lat' dir='ltr'>rum</span> <span class='ocrx_word' id='word_1_226' title='bbox 291 4015 414 4088; x_wconf 88' lang='lat' dir='ltr'>scholis</span> <span class='ocrx_word' id='word_1_227' title='bbox 447 4024 482 4088; x_wconf 89' lang='lat' dir='ltr'>et</span> <span class='ocrx_word' id='word_1_228' title='bbox 505 4016 542 4089; x_wconf 92' lang='lat' dir='ltr'>in</span> <span class='ocrx_word' id='word_1_229' title='bbox 564 4016 674 4089; x_wconf 85' lang='lat' dir='ltr'>causis</span> <span class='ocrx_word' id='word_1_230' title='bbox 695 4016 837 4113; x_wconf 84' lang='lat' dir='ltr'>agendis</span> <span class='ocrx_word' id='word_1_231' title='bbox 859 4017 983 4090; x_wconf 83' lang='lat' dir='ltr'>eximie</span> <span class='ocrx_word' id='word_1_232' title='bbox 1004 4025 1153 4106; x_wconf 84' lang='lat' dir='ltr'>versat0,</span> <span class='ocrx_word' id='word_1_233' title='bbox 1174 4017 1368 4114; x_wconf 87' lang='lat' dir='ltr'>interpositi</span> 
     </span>
     <span class='ocr_line' id='line_1_30' title="bbox 178 4142 1367 4234; baseline 0.003 -20"><span class='ocrx_word' id='word_1_234' title='bbox 178 4143 341 4216; x_wconf 87' lang='lat' dir='ltr'>videntur</span> <span class='ocrx_word' id='word_1_235' title='bbox 350 4142 383 4234; x_wconf 89' lang='lat'>,&#39;’</span> <span class='ocrx_word' id='word_1_236' title='bbox 411 4143 520 4234; x_wconf 88' lang='lat' dir='ltr'>(velut</span> <span class='ocrx_word' id='word_1_237' title='bbox 544 4144 663 4217; x_wconf 88' lang='lat' dir='ltr'>fabula</span> <span class='ocrx_word' id='word_1_238' title='bbox 689 4146 732 4217; x_wconf 96' lang='lat' dir='ltr'>de</span> <span class='ocrx_word' id='word_1_239' title='bbox 757 4144 869 4217; x_wconf 89' lang='lat' dir='ltr'>tribus</span> <span class='ocrx_word' id='word_1_240' title='bbox 894 4144 1032 4217; x_wconf 88' lang='lat' dir='ltr'>utribus</span> <span class='ocrx_word' id='word_1_241' title='bbox 1056 4172 1077 4218; x_wconf 88' lang='lat' dir='ltr'>a</span> <span class='ocrx_word' id='word_1_242' title='bbox 1097 4145 1206 4218; x_wconf 87' lang='lat' dir='ltr'>Lucio</span> <span class='ocrx_word' id='word_1_243' title='bbox 1219 4145 1367 4218; x_wconf 88' lang='lat' dir='ltr'>trucida·</span> 
     </span>
     <span class='ocr_line' id='line_1_31' title="bbox 179 4271 1365 4369; baseline 0.002 -25"><span class='ocrx_word' id='word_1_244' title='bbox 179 4272 242 4361; x_wconf 91' lang='lat' dir='ltr'>tis,</span> <span class='ocrx_word' id='word_1_245' title='bbox 271 4280 306 4345; x_wconf 92' lang='lat' dir='ltr'>et</span> <span class='ocrx_word' id='word_1_246' title='bbox 330 4271 502 4345; x_wconf 85' lang='lat' dir='ltr'>iudicium</span> <span class='ocrx_word' id='word_1_247' title='bbox 524 4273 567 4345; x_wconf 92' lang='lat' dir='ltr'>de</span> <span class='ocrx_word' id='word_1_248' title='bbox 591 4272 750 4346; x_wconf 86' lang='lat' dir='ltr'>scelestae</span> <span class='ocrx_word' id='word_1_249' title='bbox 771 4298 933 4346; x_wconf 89' lang='lat' dir='ltr'>novercae</span> <span class='ocrx_word' id='word_1_250' title='bbox 954 4273 1094 4369; x_wconf 85' lang='lat' dir='ltr'>flagitiis</span> <span class='ocrx_word' id='word_1_251' title='bbox 1115 4272 1277 4345; x_wconf 89' lang='lat' dir='ltr'>habitum</span> <span class='ocrx_word' id='word_1_252' title='bbox 1291 4271 1365 4363; x_wconf 91' lang='lat' dir='ltr'>(lib.</span> 
     </span>
     <span class='ocr_line' id='line_1_32' title="bbox 180 4398 1368 4497; baseline 0.003 -28"><span class='ocrx_word' id='word_1_253' title='bbox 180 4398 240 4490; x_wconf 90' lang='lat' dir='ltr'>X).</span> <span class='ocrx_word' id='word_1_254' title='bbox 273 4398 431 4473; x_wconf 81' lang='lat' dir='ltr'>Tertium</span> <span class='ocrx_word' id='word_1_255' title='bbox 465 4400 616 4497; x_wconf 90' lang='lat' dir='ltr'>denique</span> <span class='ocrx_word' id='word_1_256' title='bbox 640 4424 751 4496; x_wconf 83' lang='lat' dir='ltr'>genus</span> <span class='ocrx_word' id='word_1_257' title='bbox 776 4400 932 4473; x_wconf 89' lang='lat' dir='ltr'>Knautio</span> <span class='ocrx_word' id='word_1_258' title='bbox 957 4401 1206 4488; x_wconf 87' lang='lat' dir='ltr'>„statuendum</span> <span class='ocrx_word' id='word_1_259' title='bbox 1230 4399 1368 4472; x_wconf 86' lang='lat' dir='ltr'>videtur</span> 
     </span>
    </p>
   </div>
   <div class='ocr_carea' id='block_1_4' title="bbox 0 0 1546 4988">
    <p class='ocr_par' dir='ltr' id='par_1_5' title="bbox 0 0 1546 4988">
     <span class='ocr_line' id='line_1_33' title="bbox 0 0 1546 4988; baseline 0 0"><span class='ocrx_word' id='word_1_260' title='bbox 0 0 1546 4988; x_wconf 95' lang='lat' dir='ltr'> </span> 
     </span>
    </p>
   </div>
  </div>
 </body>
</html>
